2632 4426
469 351 540 427 LI
565 342 645 425 BE
669 343 712 422 R‘
750 348 829 424 Vs
1050 363 1127 450 'tot-

160 513 357 603 'cuium,8t
377 511 421 584 ad
441 516 630 587 vitandum
642 517 826 602 ,multum
842 511 985 585 fortuna
1001 513 1125 586 valuit.

158 629 355 701 'Ambiorix
373 627 582 720 copiassuas
602 627 783 696 iudicione
802 649 878 694 non
894 624 1121 700 conduxerit,
1137 640 1187 724 31'

160 738 265 836 quod
288 740 426 832 proelio
453 737 701 808 dimicandum
722 759 798 806 non
821 726 1047 822 existimarit,
1078 758 1126 805 an

163 842 329 941 tempore
349 843 527 930 exclusus,
546 843 578 914 8c
599 844 787 936 repentino
807 843 973 934 equitum
992 841 1126 911 adven·

157 956 210 1030 'iu
230 954 461 1050 prohibitus,
490 977 574 1025 cum
605 954 787 1046 reliquum
816 952 1011 1022 exercitum
1039 949 1134 1019 sub-.

159 1064 265 1155 ¹sequi
286 1059 462 1148 crederet,
483 1058 637 1129 dubium
656 1059 728 1130 est:
756 1058 816 1155 sed
835 1060 1054 1145 certe,'cl‘am
1071 1057 1125 1129 di·

162 1173 268 1243 miffis
288 1196 353 1265 per
373 1194 471 1267 agros
490 1169 643 1255 nuntiis,
667 1169 730 1238 fibi
753 1192 941 1262 quemque
962 1168 1126 1244 consule·

158 1296 210 1353 re*
230 1281 341 1351 iussit:
371 1303 530 1372 quorum
557 1302 635 1372 pars
658 1277 697 1347 in
717 1275 950 1348 Arduennam
973 1279 1124 1366 silvam,

144 1388 243 1484 -·'pars
267 1390 306 1457 in
327 1388 560 1458 continentes
573 1386 723 1479 paludes
746 1385 928 1482 profugit3
957 1387 1022 1478 qni
1040 1409 1126 1478 pro-

164 1492 463 1588 anmioeeanum
485 1494 650 1582 suerunt,
667 1495 720 1564 his
740 1494 860 1565 insulis
880 1493 949 1564 sese
969 1497 1127 1566 occulte-

163 1594 317 1692 veru'nt‚
354 1629 441 1697 quat
461 1603 571 1672 aestus
590 1603 723 1674 efficere
739 1603 1126 1690 consuetuntr‘musti,
1159 1663 1161 1666 ,

166 1738 212 1785 ex
231 1715 300 1808 suis
322 1715 454 1785 finibus
475 1713 614 1812 egressi,
634 1712 670 1784 se
689 1712 823 1806 suaque
845 1715 965 1786 omnia
989 1713 1126 1785 alienis-

164 1823 260 1913 srmir
277 1823 518 1895 crediderunt.
544 1822 767 1910 Cetivolcus,
784 1847 847 1893 rex
866 1822 1037 1894 dimidiae
1047 1846 1125 1916 par·

162 1931 209 2003 'tis
236 1931 470 2019 Eburonum,
492 1930 563 2024 'quii
579 1926 765 2013 unacum
782 1929 991 2030 Ambiorige
1010 1926 1126 2004 conss-

155 2040 254 2112 “li'um
283 2041 434 2129 inierat,
461 2054 577 2112 aetate
597 2041 668 2111 iam
688 2035 897 2129 'consessum
918 2065 1000 2113 cum
1023 2042 1125 2115 labo·

156 2149 241 2222 'rem
269 2151 441 2221 corbelli
466 2164 529 2219 aut
548 2148 656 2247 'frrgae
676 2149 767 2227 serre
789 2175 866 2222 non
885 2151 1014 2246 posset,
1043 2177 1126 2224 om·-

158 2261 272 2330 'nibus
293 2259 458 2353 precibus
476 2258 663 2330 detestatus
684 2256 951 2358 Ambiorigem,
970 2263 1036 2355 qui
1050 2263 1126 2334 eius

158 2361 441 2439 eonfitiiauttor·
451 2363 585 2451 suisset,
608 2383 714 2453 taxo,
738 2369 837 2438 cuiue
850 2393 974 2467 magna
987 2371 1024 2440 in
1039 2366 1124 2440 Gal-

160 2477 211 2548 ·lia
230 2477 494 2569 Germaniaque
509 2475 613 2571 copia
633 2475 699 2563 est,
717 2475 751 2546 se
770 2476 1004 2565 exanimavit„
1017 2477 1122 2576 Segni
1138 2483 1185 2576 32'

163 2583 432 2678 Condrusique,
457 2609 504 2656 ex
519 2601 625 2682 gente
639 2583 835 2657 &numero
849 2586 1143 2685 Germanorum,

158 2695 229 2784 ¹'q'ui
256 2693 338 2763 sunt
365 2694 458 2763 inter
485 2690 669 2765 Eburones
693 2695 954 2789 Trevirosque,
995 2700 1128 2796 legatos

156 2802 211 2872 'ed
225 2801 405 2872 Caesarem
419 2803 609 2892 miserunt,
636 2820 794 2894 oratum,
808 2807 900 2878 nese
918 2807 955 2877 in
972 2809 1127 2882 hostium

155 2930 320 2978 'numero
342 2909 513 2996 duceret,
534 2936 627 2982 neve
647 2914 811 2984 omnium
835 2912 1125 3007 Germanorum,

159 3018 232 3110 qui
252 3014 361 3088 essent
381 3019 476 3090 citra‘
487 3021 678 3107 Rhenum,
700 3047 811 3092 unam
828 3024 895 3094 esse
915 3026 1052 3096 causam
1069 3028 1126 3099 iu·

159 3130 319 3202 dicaret:
352 3130 441 3202 nibil
467 3132 501 3201 se
522 3133 568 3200 de
592 3132 689 3202 bello
711 3133 893 3230 cogitasse,
917 3139 1015 3207 nulla
1035 3137 1125 3209 Am·

165 3241 295 3341 biorigi
314 3231 444 3313 auxilia
466 3240 596 3312 misisse.
623 3241 950 3336 Caesar,explorata
966 3270 1003 3315 re
1019 3269 1124 3340 quae·

155 3349 279 3420 'stione
305 3350 549 3442 captivorum,
578 3350 603 3418 st
628 3349 692 3441 qui
716 3350 761 3420 ad
789 3376 849 3422 eos
873 3352 1055 3425 Eburones
1076 3378 1123 3426 ex
1157 3414 1173 3435 ,,

161 3454 250 3554 'suga
273 3457 536 3543 convenissent,
562 3459 662 3528 adse
688 3475 730 3529 ut
751 3459 1028 3551 reducerentur,
1053 3464 1123 3534 im-

162 3563 324 3653 peravit:
352 3565 377 3634 fi
397 3565 444 3635 ita
463 3565 635 3655 fecissent,
655 3566 742 3638 fines
765 3593 890 3640 eorum
914 3569 949 3640 se
967 3572 1124 3645 violatu·

165 3692 247 3748 rum
266 3674 416 3767 negavit.
446 3675 544 3746 Tum
562 3677 673 3770 copiis
691 3677 728 3747 in
747 3695 815 3748 tres
832 3695 947 3771 partes
959 3678 1124 3750 distribu-
1151 3704 1155 3711 ’

155 3782 234 3874 tis,
262 3778 519 3877 impedimenta
536 3789 721 3876 :omniumj
745 3788 929 3888 legionum
957 3787 1122 3878 Aduatu-
1177 3886 1179 3890 ι
