2632 4426
195 289 197 293 ’
260 344 320 427 -50
460 319 532 397 ua
567 300 752 396 nmo
789 319 1039 397 ommno

260 499 419 586 -gnantes
437 484 517 556 suos
538 486 792 558 circumvenire
814 485 961 579 possent.
985 485 1083 563 wHoc
1107 479 1224 575 fatto,
1310 500 1312 504 ’

271 596 411 667 duabus
431 595 652 692 legionibus,
675 619 760 687 quas
778 595 1222 688 proximeconfcripserat,

269 705 309 776 in
331 706 443 775 castris
463 701 613 794 relictis,
640 724 703 791 ut,
731 706 755 775 sl
778 730 849 797 qua
873 728 963 798 opus
986 703 1092 794 effet,
1112 706 1223 777 subsr-

262 814 332 907 dio
354 812 437 883 duci
458 811 618 905 poisent,
642 814 793 905 reliquas
817 812 876 881 sex
899 811 1062 908 legiones
1076 836 1142 906 pro
1163 838 1221 885 ca-

169 990 173 998 ,
269 919 341 990 stris
365 920 402 988 in
422 921 494 990 acie
518 921 718 991 constituit.¹
752 919 985 992 Hostesitem
1004 919 1079 990 suar
1102 919 1221 1014 copias

118 1027 122 1044 ’
174 1104 183 1125 .
225 1047 315 1121 9ex
338 1025 449 1095 castris
469 1021 609 1096 eduuas
637 1026 879 1115 instruxerant.
919 1025 1023 1096 Palus
1045 1043 1117 1098 erat
1141 1029 1218 1099 non

246 1206 252 1213 ,
269 1159 395 1231 magna
418 1135 511 1204 inter
533 1136 691 1206 nostrum
705 1153 823 1228 atque
843 1137 997 1206 hostium
1012 1139 1220 1219 exercitum.

269 1246 372 1317 Hanc
392 1246 418 1315 fi
438 1246 546 1316 nostri
569 1247 783 1333 transirent,
806 1248 918 1317 hostes
942 1233 1217 1341 exspediabant':

144 1391 147 1395 ²
262 1355 377 1427 nostri
396 1370 539 1441 autem,
563 1356 588 1425 fi
609 1356 654 1426 ab
675 1355 741 1426 illis
764 1356 907 1426 initium
922 1356 1132 1450 transeundi
1157 1344 1219 1428 fie-

82 1444 85 1464 .
267 1483 340 1553 ret,
363 1483 404 1536 ut
415 1453 604 1559 impeditos
617 1466 909 1564 aggrederentur,
930 1468 1038 1561 parati
1053 1467 1096 1538 in
1115 1469 1219 1538 armis
1278 1460 1280 1467 '

158 1588 161 1593 ’
262 1589 378 1659 erant.
404 1573 552 1660 Interim
568 1574 718 1666 proelio
736 1575 886 1666 equestri
911 1575 1003 1644 inter
1024 1574 1109 1646 duas
1129 1577 1218 1667 acies

268 1681 562 1754 contendebatur.
603 1683 677 1754 Ubi
703 1685 821 1755 neutri
836 1684 1051 1755 transeundi
1071 1686 1217 1773 initium

232 1845 236 1858 .
269 1793 418 1879 faciunt,
434 1789 641 1865 secundiore
656 1794 822 1887 equitum
836 1796 973 1888 proelio
986 1795 1119 1883 nostris,
1132 1797 1219 1895 Cret·

268 1903 319 1972 sar
334 1902 412 1973 suos
433 1902 470 1971 in
496 1903 597 1973 castra
617 1904 772 1978 reduxit.
797 1905 919 1975 Hostes
936 1906 1097 1998 protinus
1113 1929 1217 1990 exeo

216 2022 221 2072 f
269 1997 352 2081 loco
373 2009 420 2078 ad
446 2007 585 2081 flumen
610 2009 775 2082 Axonam
802 2011 1090 2099 contenderunt,
1114 2013 1217 2105 quod

267 2116 336 2189 effe
353 2118 432 2212 post
451 2119 564 2190 nostra
585 2122 689 2192 castra
707 2121 985 2192 demonstratum
999 2123 1056 2192 est.
1083 2119 1137 2207 Ibi
1158 2148 1217 2223 va·

262 2230 323 2300 ,dis
338 2230 509 2323 repertis,
533 2241 670 2323 partem
692 2230 833 2302 suarum
854 2230 1038 2325 copiarum
1058 2231 1218 2302 transdu-

268 2348 356 2408 cere
372 2338 490 2410 conati
511 2337 615 2425 sunt,
647 2363 690 2408 eo
715 2338 897 2425 confilio,
915 2354 974 2424 ut,
1002 2337 1026 2407 sr
1054 2337 1214 2431 poffent,

270 2447 469 2534 castellum,
490 2449 550 2519 cui
565 2464 725 2542 praeerat
745 2449 792 2554 Q.
804 2448 961 2518 Titurius
982 2449 1135 2544 legatus,
1155 2471 1215 2553 err·

118 2614 124 2649 ,
163 2542 166 2548 ¹
258 2569 487 2658 pugnarent,
513 2574 739 2652 pontemque
765 2559 1216 2630 interscinderent:s1mi÷

267 2689 336 2738 nus
352 2667 565 2760 potuissent,
594 2693 692 2765 agros
711 2667 908 2740 Remorum
932 2669 1216 2762 popularentur,

269 2775 336 2868 qui
366 2800 496 2873 magno
522 2777 627 2848 nobis
662 2768 815 2849 usui.ad
846 2779 982 2849 bellum
1016 2778 1215 2875 gerendum

207 2911 252 2966 ιο
270 2901 390 2972 erant,
411 2902 689 2981 commeatuque
709 2886 1099 2980 nostrosprohiberent.
1135 2887 1218 2986 Cae·
1293 2932 1294 2937 =

269 2992 337 3079 sat,
361 2986 486 3065 certior
497 2990 606 3066 fabius
625 2998 819 3085 aTituriO,
837 3021 983 3067 omnem
1000 2997 1215 3089 equitatum,

269 3101 407 3174 &levis
428 3121 622 3175 armaturae
642 3102 839 3194 Numidas,
863 3105 1062 3178 funditores
1080 3106 1215 3203 sagittae

268 3211 410 3313 rioaque
435 3229 584 3307 pontem
605 3215 818 3302 transducit,
836 3231 951 3309 atque
974 3215 1019 3286 ad
1046 3240 1106 3286 eos
1126 3204 1215 3291 con}

268 3321 396 3392 tendit.
424 3322 559 3395 Acriter
583 3324 620 3394 in
647 3350 690 3394 eo
715 3327 795 3396 lo'co
817 3330 1017 3422 pugnatum
1043 3324 1101 3394 est.
1136 3321 1216 3409 Ho:

269 3430 333 3502 stes
358 3430 551 3525 impeditos
571 3434 689 3504 nostri·
714 3435 752 3504 in
774 3433 928 3504 flumine
950 3433 1110 3530 aggressi,
1139 3458 1217 3511 mar

267 3565 381 3638 gnum
402 3567 528 3615 eorum
550 3538 741 3614 numerum
762 3543 980 3615 occiderunt·
1006 3543 1071 3612 Per
1088 3566 1216 3611 eorum

228 3691 230 3694 ν
268 3673 415 3742 corpora
435 3651 589 3745 reliquos
620 3651 847 3723 audaciffime·
868 3651 1010 3719 transire
1032 3666 1214 3746 conantes,

267 3757 502 3830 multitudine
524 3762 688 3844 telorum.
702 3762 931 3861 repulerunt3
968 3759 1127 3854 primos,
1150 3757 1215 3853 qui

154 2730 161 2762 i
