2632 4426
437 352 672 483 arurn
719 354 856 431 vrn.
1056 376 1134 461 ις,

161 542 259 592 mam
278 517 467 612 planitiem
489 517 564 614 iugi
587 516 777 611 pervenit,
806 541 900 612 quae
925 515 1055 594 declivi
1075 520 1132 592 fa·

160 631 268 726 stigio·
287 626 431 698 duobus
456 626 503 697 ab
529 626 698 697 lateribus
713 627 966 723 muniebatur.
994 630 1050 701 Ibi
1076 631 1131 702 le·

159 739 328 837 gionibua
353 732 549 824 instruens,
576 737 622 807 ad
649 737 823 811 ultimum
849 740 977 837 iugum
1002 743 1131 837 pem-¹

84 927 89 935 ¹
160 850 237 938 nit,
256 848 446 941 aciemque
464 872 509 918 eo
531 849 615 918 loco
634 846 832 936 constituit,
848 850 946 923 unde
967 868 1131 925 tormen-
1155 856 1158 863 '

158 974 200 1031 to
224 957 321 1028 miffa
349 960 421 1028 tela
443 958 481 1028 in
499 957 654 1027 hostium
675 948 811 1029 cuneos
831 959 959 1032 coniici
979 961 1128 1057 poffent.

157 1069 323 1157 Barbari,
340 1069 474 1143 ,confifi
491 1069 562 1139 loci
580 1086 726 1155 natura,
751 1092 837 1141 curn
864 1070 1032 1146 dimicare
1051 1098 1127 1147 non
1146 1100 1187 1183 ¹5

158 1180 379 1266 recusarent,
398 1178 532 1248 siforte
551 1177 708 1248 Romani
726 1178 846 1251 subire
867 1185 999 1277 collem
1020 1208 1131 1259 cona-

158 1310 306 1379 rentur,
330 1290 594 1385 paullatimque
612 1291 731 1381 copias
750 1290 954 1385 distributas
968 1295 1131 1369 dimitte·

157 1397 295 1473 re'non
314 1399 514 1486 auderent,
540 1424 586 1470 ue
608 1399 750 1492 disperfi
772 1402 1071 1494 pertubarentur‚
1089 1406 1129 1475 in

158 1514 234 1584 acie
254 1510 536 1606 permanserunt.
564 1511 733 1617 Quorum
756 1511 948 1603 pertinacia
965 1515 1129 1612 cognita,

158 1619 302 1707 Caesar,
334 1618 463 1715 viginti
485 1618 696 1690 cohortibus
724 1613 919 1707 instruiiis,
941 1620 1129 1717 castrisque

160 1752 205 1802 eo
227 1732 310 1800 loco
332 1727 491 1815 metatis,
522 1728 658 1799 muniri
678 1727 781 1799 iubet
802 1729 915 1799 castra.
947 1730 1129 1805 Abiolutie

161 1844 352 1937 operibus,
375 1840 533 1939 legiones
555 1864 624 1934 pro
647 1842 742 1912 vallo
763 1836 1128 1931 instruiiascollocatr

159 1951 298 2045 equites
328 1940 473 2019 frenatis
505 1950 607 2043 equis
645 1949 684 2017 in
715 1949 927 2023 stationibus
960 1952 1128 2049 disponit.
1178 1966 1182 1976 '

160 2062 354 2149 Bellovaci,
374 2086 460 2134 cum
480 2052 666 2133 'Rominos
684 2060 731 2131 ad
747 2060 1013 2156 insequendum
1031 2090 1131 2159 para.

158 2188 213 2245 tos
235 2170 427 2258 viderent,
466 2194 589 2265 neque
622 2165 864 2266 pemoiiam
899 2188 963 2242 aut
994 2174 1131 2248 diutius

156 2308 367 2381 permanere
387 2283 461 2354 fine
486 2283 622 2354 cibariis
642 2282 775 2355 eodem
793 2284 876 2355 loco
892 2284 1052 2378 poffent,
1075 2306 1133 2361 ta-

158 2396 193 2466 le
215 2396 401 2468 confilium
420 2394 474 2464 sui
491 2392 688 2487 recipiendi
706 2394 873 2464 inierunt
913 2396 1052 2485 Fasces,
1074 2400 1131 2469 uti

159 2503 410 2589 consederent,
428 2504 603 2598 [namque
623 2503 662 2573 in
683 2504 757 2575 acie
771 2503 891 2576 sedere
905 2506 1023 2578 Gallos
1038 2532 1129 2580 con·

157 2610 281 2701 sueffeg
289 2612 532 2707 superioribus
546 2614 809 2685 commentariis
821 2612 1038 2689 declaratum
1050 2616 1127 2713 est‚]

157 2724 433 2796 stramentorum
458 2750 500 2796 ac
520 2725 783 2825 virgultorum,
805 2752 965 2821 quorum
988 2730 1129 2803 summa

158 2852 232 2906 erat
254 2836 293 2906 in
315 2835 429 2905 castris
455 2836 581 2929 copia,
606 2842 672 2931 pe‘r
697 2861 825 2908 manus
842 2840 936 2909 inter
958 2840 993 2910 se
1016 2852 1128 2913 trans'·

156 2948 279 3037 ditos,
307 2962 390 3018 ante
419 2945 531 3019 aciem
562 2951 855 3037 collocaverunt,
887 2966 1126 3045 extremoque

157 3064 323 3151 tempore
346 3056 417 3126 diei
430 3048 560 3153 ,irgno
584 3056 840 3181 pronuntiato,
862 3080 937 3128 uno
961 3077 1125 3173 tempore

154 3168 406 3255 incenderunt.
427 3165 480 3238 lta
497 3166 685 3237 continens
702 3162 846 3237 flamma
865 3168 982 3262 copias
999 3192 1126 3241 omnen

155 3296 306 3376 repente
332 3308 351 3351 a
376 3275 568 3383 conspeCiu
595 3279 685 3348 texit
719 3278 982 3351 Romanorum
1008 3269 1173 3389 Quod?

156 3391 225 3462 ubi
235 3391 399 3479 accidit,
420 3388 559 3461 barbari
580 3390 889 3461 vehementiffimo
910 3393 1011 3463 cursu
1030 3392 1126 3489 fuge·

155 3500 252 3572 ruht.
281 3500 423 3587 Caesar,
448 3498 509 3569 etsr
531 3490 716 3571 discessum
738 3499 892 3573 hostium
906 3500 1124 3573 animadver·
1143 3497 1188 3577 16

157 3621 234 3676 tere
251 3631 328 3678 non
354 3624 513 3701 poterat,
534 3606 706 3678 incendiis
728 3608 918 3733 oppofitis3
943 3626 1063 3682 tamen
1085 3610 1125 3683 id

144 3710 347 3787 ·'confilium
371 3739 456 3788 cum
476 3716 580 3819 fugae
601 3716 735 3787 causas
727 3718 858 3789 initum
879 3718 1123 3814 suspicaremi,

154 3824 325 3921 legiones
332 3844 560 3919 promovet,
575 3842 707 3902 turmas
731 3825 844 3899 mittit
864 3828 910 3899 ad
931 3826 1123 3923 insequen-

205 3923 271 3994 lut.
289 3920 376 4067 Caes
400 3924 506 3997 Voll.
897 3926 931 4000 R
