2632 4426
307 327 310 332 ·
413 300 797 400 ururu‘rr
867 323 873 386 .·
1019 329 1064 430 '5¹

107 489 335 576 transierant,
349 489 511 582 equitatu
527 488 789 561 circumventos
803 489 1065 563 interfecerunt.
1098 523 1116 538 ‘

116 599 264 684 Hostes,
291 599 356 670 ubi
377 598 410 668 8c
433 599 481 668 de
507 599 751 694 expugnando
776 599 933 691 oppido,
962 599 994 671 8t
1024 600 1070 674 de

114 708 270 780 flumine
306 708 524 779 transeundo
554 709 654 802 spem
684 708 718 777 se
745 707 901 778 fefellisse
931 710 1072 780 intelle·

118 839 270 909 xerunt,
306 840 425 914 neque
461 821 595 891 nostros
623 820 661 888 in
695 820 817 889 locum
853 819 1070 912 iniquiorem

115 932 288 1029 progredi
308 931 493 1028 pugnandi
514 929 613 1001 causa
638 928 830 1016 viderunt,
847 949 957 1021 atque
978 930 1071 1023 ipsos

116 1067 171 1114 res
192 1041 419 1111 frumentaria
438 1039 588 1110 deficere
604 1039 741 1131 coepit,
765 1039 915 1110 concilio
937 1061 1071 1110 convo-

44 1173 46 1177 ’
95 1180 98 1188 ·
118 1169 199 1222 tato
214 1150 485 1235 constituerunt,
500 1146 680 1240 optimum
705 1145 783 1231 esse,
802 1147 952 1216 domum
971 1146 1070 1218 suam

112 1283 305 1351 quemque
332 1258 480 1342 reverti,
509 1256 540 1326 8t
563 1277 720 1346 quorum
743 1254 780 1321 in
803 1253 889 1323 fines
911 1258 1070 1346 primum

118 1364 280 1436 Romaniw
299 1366 493 1435 exercitum
523 1358 821 1447 introduxissent,
846 1360 891 1429 ad
921 1385 980 1430 eos
1006 1363 1072 1434 de·

118 1475 320 1547 fendendos
353 1474 516 1567 undique
558 1472 771 1549 convenire;
801 1490 843 1540 ut
876 1470 994 1565 potius
1031 1475 1070 1544 in

24 1578 28 1584 ’
118 1586 210 1672 suis,
246 1608 358 1677 quam
387 1583 572 1656 in‘alienis
606 1581 737 1653 finibus
770 1579 1071 1668 decertarent-,sc

103 1696 319 1768 domesticis
338 1691 448 1788 'copiis
466 1695 515 1764 rei
527 1691 775 1787 frumentariae
785 1691 982 1768 uterentur.
1009 1690 1070 1761 Ad

113 1829 200 1876 »eam
220 1803 429 1874 sententiam
452 1827 534 1873 cum
563 1799 707 1892 reliquis
738 1800 843 1871 caussa
867 1800 951 1870 haec
974 1824 1070 1892 quo-

122 1937 197 2004 que
217 1914 305 1981 ratio
328 1936 385 1982 eos
406 1909 580 1996 deduxit,
602 1907 705 2001 quod
724 1907 940 1978 Divitiacum
956 1906 1069 2003 atque

111 2021 267 2093 -Aeduos
284 2021 416 2093 finibus
431 2021 698 2092 Bellovacorum
709 2017 996 2114 'appropinquare
1011 2006 1071 2092 co·

121 2149 324 2230 gnoverant.
350 2131 414 2202 His
435 2131 654 2242 persuaderi,
677 2147 718 2200 ut
738 2130 872 2220 diutius
890 2117 1070 2201 moraren-

120 2259 181 2312 tur
193 2265 341 2333 ,neque
363 2241 430 2309 suis
442 2231 624 2309 auxilium
641 2238 793 2321 ferrent,
820 2241 895 2306 n'ou
919 2232 1070 2328 poterat,

114 2349 168 2422 *Ea
199 2377 237 2422 re
261 2341 473 2434 constituta,
498 2347 649 2417 secunda
674 2346 790 2442 vigilia
802 2364 953 2453 magno
983 2356 1067 2418 cum
1088 2374 1133 2426 rt

117 2460 266 2551 strepitu
291 2482 331 2528 ac
350 2457 511 2527 tumultu
543 2455 654 2524 castris
680 2428 820 2558 egressr,
844 2455 945 2522 nullo
970 2471 1068 2553 certo

119 2568 267 2652 ordine,
288 2590 407 2659 neque
429 2564 604 2656 imperio,
631 2587 714 2634 cum
736 2561 799 2632 srbi
818 2563 971 2654 quisque
996 2562 1071 2655 pri·

119 2702 225 2770 mum
246 2675 377 2746 itineris
398 2677 519 2744 locum
542 2688 699 2766 peteret,
721 2671 922 2743 &domum
945 2697 1070 2764 perve-

119 2789 196 2858 nire
217 2786 440 2880 properaret,
469 2784 653 2871 fecerunt,
685 2801 727 2856 ut
751 2783 935 2854 consrmilis
964 2782 1070 2884 fugae

120 2893 294 2993 professio
318 2896 508 2966 videretur.
549 2897 624 2967 Hac
651 2909 692 2964 're
722 2895 834 2966 statim
862 2896 981 2965 Caesar
1006 2897 1070 2989 per

121 3009 353 3101 speculatores
366 3008 519 3104 cognita,
536 3007 673 3076 insidias
691 3008 840 3090 veritus,
858 3008 979 3098 quod,
995 3008 1067 3100 qua

121 3121 168 3192 de
184 3117 284 3188 eausa
301 3116 541 3204 discederent,
562 3116 729 3186 nondum
748 3117 988 3209 perspexerat,
1006 3143 1071 3189 ex·

122 3231 272 3304 ercitum
299 3227 571 3320 equitatumque
598 3225 708 3297 castris
728 3225 915 3298 continuit.
952 3216 1073 3304 Prima*

120 3341 223 3424 luce,
247 3337 460 3409 confirmata·
474 3361 512 3407 re
534 3336 579 3406 ab
601 3336 897 3428 exploratoribus,
920 3340 1068 3410 omnem

122 3449 346 3538 equitatum,
364 3445 428 3536 qui
449 3445 675 3515 novissimum
695 3469 822 3540 agmen
846 3451 1068 3539 moraretur,

121 3556 306 3648 praemisrt.
347 3555 410 3627 His
432 3555 477 3660 Q
502 3552 656 3625 Pedium
678 3553 710 3625 ὃς
728 3553 767 3624 L.
783 3553 1069 3633 Aurunculeium

19 3670 24 3676 ’
121 3664 267 3735 Cottam
286 3667 417 3762 legatos
436 3666 612 3761 praefecit.
628 3664 685 3763 T,
700 3664 897 3765 Labienum
911 3669 1068 3764 legatum

119 3791 203 3843 eum
220 3772 423 3869 legionibus
447 3776 560 3847 tusus
581 3770 747 3868 insequi
764 3777 864 3944 rupe
907 3779 980 3871 ru,
1001 3806 1072 3854 no-
1129 3798 1138 3865 ,·
1240 3749 1242 3751 ’

866 3899 886 3948 2
