2632 4426
108 414 117 422 -
164 378 273 436 mxu
343 348 602 435 nomm
636 359 955 439 errantum
1051 312 1052 317 Ν

164 557 167 569 .
186 505 298 589 ,Quod
317 507 413 572 attinet
430 509 466 570 ad
483 503 634 571 secundam
651 508 722 569 banc
742 495 866 571 nosira'm
883 506 1013 581 Caesaris
1029 509 1131 571 editio·

18 656 25 673 Ι
125 633 128 637 ‹
153 613 247 663 nem,
265 606 371 686 textum
386 590 501 672 quidem
514 591 599 650 notris
615 604 777 687 pertotunr
795 610 830 651 ac
849 589 1066 686 diligentioribus
1085 612 1134 652 cu.

155 671 1132 846 {sissiniusss.s?¹s·sirsb‘.:ffiss.‘istsss

162 837 262 909 nibus,
281 840 351 918 quas
374 850 520 895 enotarunt
546 835 712 910 recentiores
733 829 866 908 editores,
892 835 1131 912 -eruendavimus3

162 918 292 1000 adeoque
311 915 504 996 multoquam
529 932 611 975 antea
632 912 835 1004 castigatiorem
860 934 934 976 nunc
958 915 1131 980 exhibemus.

32 1027 33 1031 ¹
162 997 218 1062 Sed
236 997 283 1062 tel
303 994 341 1058 src
358 995 502 1076 supersunt
515 1008 573 1055 tarn
591 997 621 1055 in
637 994 700 1075 ipso
718 994 773 1056 boc
786 995 917 1070 auiiote,
932 1016 1017 1078 quam
1034 998 1062 1056 in
1081 997 1131 1074 iis,

160 1073 1155 1240 dimisistis&‘'nsffibtsssstsssns‘sz·

576 1199 585 1218 ·
1073 1204 1083 1235 s

162 1240 271 1306 nonnifi
285 1260 342 1322 ope
362 1239 484 1301 melioris
501 1235 623 1315 codicis,
652 1258 717 1300 uam
731 1237 800 1300 sunt*
811 1239 845 1312 ii,
864 1240 963 1321 quibus
979 1240 1070 1301 adbuc
1089 1243 1129 1302 uti

25 1334 26 1339 ’
152 1321 239 1386 -lic'uic
256 1323 322 1385 viris
340 1319 447 1394 dusiis,
461 1320 489 1381 in
510 1319 622 1381 edendo
633 1261 755 1382 saefern
773 1339 837 1382 cum
855 1321 934 1382 laude
952 1322 1080 1394 versatis,
1098 1324 1127 1384 in

162 1404 301 1484 integrum
320 1400 421 1464 restitui
442 1399 561 1482 possint,
584 1401 683 1462 intasia
708 1401 860 1483 relinquere
880 1401 1028 1464 consultius
1046 1403 1129 1466 nobis

161 1485 273 1561 visum,
289 1503 375 1566 quam
386 1502 478 1547 rueras
495 1481 542 1543 vel
555 1482 671 1543 aliorum
687 1482 735 1544 vel
752 1481 859 1544 nostras
874 1483 1044 1546 coniesiuras
1058 1506 1126 1546 con.

159 1568 247 1629 textui
264 1563 423 1628 obtrudere.
443 1559 579 1624 Notitiam
593 1562 756 1634 literariam,
776 1564 915 1626 volumini
935 1566 1028 1644 primo
1047 1587 1128 1644 prae·

132 1685 135 1700 ι
160 1646 286 1720 misiam,
305 1667 359 1729 pro
373 1646 425 1717 iis,
436 1664 507 1726 quae
520 1643 601 1704 nobis
616 1644 652 1704 ad
666 1666 766 1705 manus
777 1643 871 1715 suere.
896 1643 1065 1708 subsidiis&
1077 1667 1127 1725 aa·
1166 1670 1170 1683 ¹

162 1730 254 1791 ximus
276 1728 308 1790 δι
328 1722 559 1800 emendavimus3
584 1723 690 1787 adiesis
709 1725 817 1806 insuper
834 1726 906 1791 Ger.
923 1725 967 1788 io.
982 1725 1076 1789 Vosiii
1089 1728 1127 1792 de
1176 1769 1179 1774 -

163 1806 277 1891 Scriptis
296 1806 421 1872 Caesaris
435 1804 705 1882 Commentatione‚
723 1806 754 1868 dc
772 1808 861 1870 Henr.
881 1805 1031 1871 Dodweui
1052 1808 1127 1872 Dis·

59 1898 61 1901 ’
163 1889 310 1954 sectatione
330 1889 365 1952 de
383 1887 496 1950 sudore
513 1887 572 1948 libri
590 1885 666 1949 vlll
684 1887 720 1950 de
736 1887 770 1951 B.
788 1889 829 1954 G.
843 1891 877 1952 ἃ
894 1888 977 1967 Alex.
987 1889 1078 1953 Afric.
1094 1892 1126 1955 &

66 2042 70 2048 Ι
162 1969 241 2068 Hisp.
263 1971 394 2034 Secundo
409 1988 481 2031 vero
492 1967 628 2030 volumini
639 1971 665 2026 in
680 1970 794 2051 gratiam
806 1971 926 2031 tironum
938 1968 1126 2034 subiunximus
1143 2024 1146 2031 .

161 2050 288 2115 lndrcem
295 2051 449 2124 latinitatis,
462 2049 566 2114 asam.
575 2048 620 2110 Fr.
633 2047 721 2113 Narh.
733 2050 821 2112 Moto
831 2050 1007 2127 confesium,
1022 2054 1049 2112 in
1088 2075 1126 2115 uo

161 2131 243 2194 fimui
258 2132 387 2195 nonnuiia
402 2131 437 2193 de
456 2131 551 2192 ritibus
571 2131 602 2194 dt
623 2131 705 2192 rebus
723 2132 840 2213 antiquis
852 2150 1016 2209 monentur,
1031 2154 1072 2195 no
1165 2171 1169 2180 ·

161 2235 229 2275 cura
241 2235 306 2278 curn
318 2236 353 2276 ex
364 2213 496 2288 aliorum,
507 2233 567 2273 rum
580 2234 615 2273 ex
629 2211 716 2293 ipfius
728 2213 781 2272 viri
793 2210 938 2274 dosiiffimi
948 2214 1126 2277 animadver-

162 2294 285 2357 sionibus
302 2295 453 2357 audiorem
461 2340 472 2378 ,
489 2294 521 2356 δι
539 2293 575 2354 ad
594 2294 736 2357 literarum
754 2292 849 2357 seriem
865 2314 930 2355 cum
944 2294 1035 2358 indice
1053 2316 1125 2380 geo·

159 2377 315 2465 graphico·
330 2374 460 2439 historico
480 2373 667 2438 coniuniium.

165 2516 385 2538 m*
758 2516 878 2536 Q

531 2597 744 2637 ⁸3¹6

201 2693 252 2758 De
267 2691 434 2754 editionibus
448 2690 614 2833 scripiomm
623 2691 853 2757 caesarianorum
868 2695 896 2756 in
911 2695 1069 2771 universum
1084 2711 1123 2758 te·

159 2774 298 2851 nendum,
312 2774 481 2856 antiquiores
508 2794 555 2835 ere
573 2773 645 2835 inter
661 2772 691 2834 se
706 2773 879 2848 consentire,
896 2778 944 2839 ubi
964 2778 1034 2839 vitia
1051 2792 1124 2858 opes

160 2876 254 2951 rarum
264 2876 327 2916 non
341 2854 529 2921 intercedunt:
543 2863 615 2950 quae
629 2854 689 2916 sunt
702 2855 994 2998 inprimissrequenria
1006 2860 1037 2920 bt
1055 2861 1122 2923 soe·

158 2936 246 3081 nn
257 2933 1122 3112 repressissent,inertissimi:

126 3168 128 3172 ,
159 3119 278 3182 perunt,
303 3098 356 3159 surs
373 3097 460 3169 libris,
480 3101 563 3159 etiam
589 3097 751 3161 conieiiuns
767 3098 842 3175 freti,
868 3100 936 3163 Phii.
951 3102 1121 3178 Beroaldus,

159 3176 267 3252 Aldus.
281 3179 346 3242 seb.
365 3177 512 3260 Gryphius
525 3180 558 3245 &
571 3180 614 3242 alii
627 3183 810 3255 recentiores,
827 3203 875 3263 per
891 3202 964 3264 quos
972 3183 1044 3244 adeo
1061 3199 1130 3243 tex-r

159 3277 206 3322 tus
223 3259 302 3347 saepe
317 3261 431 3343 quidem
444 3261 624 3353 ernendptus,
645 3261 783 3323 interdum
801 3279 893 3324 tamen
909 3265 994 3323 etiam
1008 3264 1119 3324 vitiatus

159 3341 218 3420 esi,
231 3342 298 3405 dum
313 3342 360 3403 vel
374 3360 472 3422 parum
487 3356 568 3404 acute
586 3340 621 3402 de
638 3342 723 3403 variis
737 3342 899 3404 lesiionibus
913 3344 1050 3419 iudicant,
1071 3343 1118 3406 vei

145 3421 212 3487 -suis
227 3419 390 3504 c'oniesiuris
403 3423 554 3505 indulgent.
568 3422 648 3485 Vere
667 3424 751 3484 etiarn
766 3425 897 3485 iudicavit
907 3422 1062 3487 Dorviiiius
1079 3424 1117 3486 ad

158 3503 343 3568 Charitonem
365 3523 396 3583 p.
416 3505 494 3586 306,
516 3505 594 3565 viros
605 3500 722 3580 dodon,
735 3505 861 3586 inprimis
874 3505 1124 3588 recentiores,qui.

158 3584 285 3649 caesaris
303 3584 388 3649 libros
404 3585 534 3661 edidere,
556 3584 694 3648 interdum
715 3583 863 3649 Caesarem
878 3585 929 3647 suo
945 3586 1118 3669 moreioqsi

156 3686 216 3732 non
234 3665 289 3762 effe
310 3665 421 3762 pessos,
440 3665 508 3756 dum
530 3685 596 3728 eum
614 3665 650 3727 ad
673 3666 830 3728 concistoris
846 3667 980 3728 orationis
1003 3666 1115 3745 sormu-

157 3745 214 3810 lam
233 3747 335 3828 ubique
351 3763 507 3829 exigerent,
532 3766 620 3828 eaque
639 3745 793 3809 constanter
817 3751 858 3809 uti
879 3765 1031 3831 cogerent,
1050 3768 1117 3812 cum

154 3827 200 3894 ille
212 3826 339 3895 severam
356 3829 498 3895 brevitatis
512 3827 603 3914 legem
617 3848 675 3893 non
690 3849 752 3896 raro
764 3825 936 3911 negleiterit:
952 3848 1010 3917 qiu
1026 3831 1057 3893 in
1067 3849 1120 3917 go·
