2632 4426
442 265 676 390 tissa
720 292 877 387 vn*
950 330 964 352 ··
1051 315 1127 408 ιη

155 501 246 580 gtnu
272 478 453 572 equitatus
480 475 657 547 cernitur:
695 474 861 545 cohortes
880 472 969 546 aliae
993 473 1127 571 appro-
1218 452 1224 470 .

158 598 341 692 pinquant
355 621 362 660 :
376 589 490 662 hono
499 605 595 683 terga
607 603 772 657 vertunt:
791 584 1011 683 fugientibus
1024 588 1126 680 equi·

159 721 216 776 tes
235 716 447 774 occurrunt:
465 699 507 768 fit
525 718 654 792 magna
678 694 814 765 caedes.
838 695 1024 786 Seduiius,
1046 697 1125 771 dtur

159 815 195 888 dt
212 815 376 909 princeps
398 807 657 894 Lemovicum,
681 805 878 878 occiditur:
896 805 1127 906 Vergasrllauss
1152 890 1155 902 ,

160 950 229 998 nus
244 923 423 994 Arvernus
443 921 547 990 virus
567 920 604 988 in
631 918 715 1015 fuga
727 919 1064 1013 comprehenditur:
1084 921 1127 991 sr·

161 1056 229 1133 gna
256 1030 422 1104 militaria
453 1045 572 1100 urxrv
608 1025 654 1097 ad
686 1025 868 1101 Caesarem
897 1028 1124 1101 referunturx
1182 1049 1185 1055 ·
1281 1130 1284 1137 ἱ

161 1141 267 1238 pauci
293 1165 338 1213 ex
366 1156 469 1212 tanto
498 1135 708 1208 numerose
735 1137 935 1208 incolumes
959 1138 997 1206 in
1022 1139 1128 1216 castra

162 1254 349 1346 recipiunt.
366 1249 569 1344 Conspicati
586 1270 633 1318 ex
647 1244 785 1340 oppido
798 1248 944 1317 caedem
959 1249 991 1320 dc
1005 1246 1128 1346 fugam

164 1365 329 1449 suorum,
352 1363 532 1455 desperata
551 1355 814 1449 salute,copias
829 1357 1129 1434 amonitionibus

163 1469 358 1542 reducunt.
385 1469 441 1539 Fit
463 1467 652 1562 protinus,
681 1466 748 1534 hac
773 1487 813 1533 re
833 1464 976 1552 audita,
999 1489 1044 1537 ex
1069 1492 1130 1540 εα-

165 1579 239 1652 ssris
261 1582 447 1652 Gallorum
472 1578 565 1676 fuga.
600 1575 717 1683 Quod
742 1576 809 1645 nist
827 1575 955 1647 crebris
971 1575 1130 1651 subsrdiir
1172 1638 1180 1652 ,

166 1718 208 1767 ac
227 1695 337 1765 totius
361 1692 432 1762 diei
448 1689 575 1760 labore
584 1687 711 1758 milites
723 1685 866 1757 fuissent
882 1686 1020 1775 defessi,
1047 1713 1129 1760 om·

167 1829 230 1875 nes
252 1802 408 1873 hostium
426 1803 551 1894 copiae
568 1798 678 1874 deleri
696 1796 905 1889 potuissent.
934 1799 992 1869 De
1009 1801 1128 1872 media

167 1908 276 1985 node
295 1910 414 1982 miiius
433 1911 611 2004 equitatus
636 1908 867 1980 novissimum
889 1934 1019 2006 agmen
1040 1934 1130 1982 con·

168 2025 351 2118 sequiturs
385 2043 533 2120 magnus
551 2045 722 2092 numerus
736 2019 878 2111 capitur
893 2039 1002 2113 atque
1019 2022 1131 2095 inter·
1250 2032 1255 2071 ι’

168 2134 306 2206 ficitur:
333 2132 463 2224 reliqui
488 2151 533 2199 ex
557 2129 641 2228 fuga
667 2128 706 2200 in
741 2129 898 2201 civitates
926 2129 1127 2203 discedunt.

168 2243 311 2314 Postero
336 2241 397 2313 die
422 2239 717 2336 Vercingetorix,
733 2240 887 2310 concilio
906 2258 1126 2331 convocem,
1144 2250 1192 2349 89
1280 2292 1285 2302 ‚

115 2369 117 2372 ’
169 2355 205 2423 id
213 2354 254 2447 se
277 2354 392 2423 bellom
406 2350 571 2450 suscepiffe
596 2376 658 2421 non
671 2350 809 2444 suorum
826 2353 1130 2447 neceffitotum.sed
1188 2341 1192 2349 ⁴

169 2465 345 2541 corninunis
367 2462 525 2531 libertatis
547 2460 672 2553 sousa.
702 2459 943 2544 demonstrat3
972 2463 1023 2536 d,
1049 2487 1130 2556 quo·-

169 2577 259 2645 m'om
273 2575 327 2668 stt
340 2573 501 2670 fortunae
531 2573 728 2643 cedendum.
755 2559 800 2639 od
820 2587 988 2666 utromque
1009 2595 1075 2640 rem
1087 2572 1130 2664 se

170 2686 237 2755 iliis
251 2686 385 2777 offerre.
398 2685 461 2778 seu
479 2702 578 2756 morte
587 2683 656 2777 suo
672 2685 825 2753 Romanis
837 2683 1130 2781 satisfacere.seu

170 2795 279 2864 vivum
304 2794 469 2866 transdere
483 2797 594 2866 uelint.
620 2791 817 2863 Mittuntur
832 2791 878 2862 de
893 2795 944 2863 his
962 2795 1069 2866 rebus
1082 2796 1130 2866 ad
1228 2820 1233 2826 ·

174 2900 354 2971 Caesarem
382 2902 496 2996 legati.
523 2899 628 2969 Iubet
657 2924 752 2968 arma
771 2899 925 2986 transdi,
953 2902 1131 2997 principes

174 3009 337 3106 produci.
362 3010 439 3103 Ipse
460 3010 497 3079 in
519 3011 719 3080 munitione
735 3034 802 3102 pro
822 3010 933 3080 castris
945 3015 1127 3092 consedit:

174 3147 218 3197 eo
242 3121 349 3192 duces
373 3121 634 3215 producuntur.
669 3121 938 3218 Vercingetorix
962 3124 1131 3213 deditur,

172 3249 268 3300 arma
288 3231 534 3323 proiiciuntur.
572 3230 763 3302 Reservatis
781 3231 912 3302 Aeduis
933 3251 1043 3326 atque
1063 3237 1133 3308 Ar-

173 3339 308 3425 vernis,
330 3338 356 3408 fr
376 3362 441 3431 per
455 3363 514 3409 eos
531 3339 687 3409 civitates
710 3361 916 3432 recuperare
928 3339 1059 3434 podet,
1084 3368 1131 3415 ex

174 3447 319 3540 reliquis
337 3447 482 3540 captivis
495 3464 575 3518 toto
590 3449 747 3519 exercitu
758 3451 871 3542 capita
888 3449 1022 3548 singula
1033 3478 1132 3547 prae»
1187 3460 1189 3465 ’
1298 3438 1301 3445 ’

178 3565 242 3635 dae
264 3569 414 3639 nomine
435 3567 625 3638 distribuit.
664 3568 727 3638 His
748 3569 853 3639 rebus
876 3565 1065 3660 confediis,
1092 3574 1130 3644 in
1146 3587 1198 3667 90

173 3671 320 3766 Aeduos
351 3675 598 3768 proficiscitu13
631 3676 811 3747 civitatem
844 3677 979 3770 recipit.
1007 3677 1059 3749 Eo
1080 3681 1133 3752 le·

170 3782 243 3884 gati
260 3784 305 3853 ab
328 3782 492 3855 Arvernis
510 3788 616 3879 miffi,
634 3798 726 3883 quae
741 3790 950 3884 imperaret,
972 3787 1006 3861 se
1020 3783 1132 3864 fatiu-
1160 3792 1169 3808 ’

219 3882 283 3956 lut.
306 3880 394 3980 Caes.
419 3881 529 3954 Vol-I.
904 3889 948 3992 Q

1081 3988 1084 3992 “
1119 4008 1124 4039 t
