2632 4426
355 366 363 383 ’
431 348 664 437 ursus
709 323 836 429 vrri.
1028 357 1122 457 :scs

142 519 243 625 ,eunt
260 522 363 618 parte
390 520 576 614 copiarum
602 516 747 609 r'estitit;
777 510 961 589 Lutterlus
983 528 1123 615 agms'n'

154 635 403 707 iumentorum
415 629 464 701 ad
484 629 665 725 oppidum
683 630 842 703 adducit
866 629 1051 723 Dispositis
1061 628 1124 702 ib’t

155 739 357 837 praesidiis,
378 740 466 810 hora
486 732 597 809 notus
610 736 750 811 circiter
771 757 817 827 x,
841 737 1123 817 stlrelltibusan-¹

154 852 335 950 gustisqu'e
349 849 534 921 itineribus
552 849 779 923 frumentum
793 851 986 947 importare
998 851 1121 944 inop-¹

157 959 290 1054 pidum
317 950 479 1031 ilttiruit.
503 960 675 1061 Quorum
704 960 891 1055 strepitum
918 960 1041 1058 vigiles
1059 980 1124 1033 ca·-

155 1074 308 1145 llrorum
329 1094 415 1173 epm
436 1068 633 1159 sentirent,
660 1074 983 1167 exploratoresque
1002 1071 1123 1161 milli,

155 1208 251 1279 qnae
266 1178 472 1281 agerentur,
493 1178 772 1268 renuntisllent3
807 1182 976 1255 Caninius
998 1184 1121 1255 ceteri·

155 1304 213 1361 ter
229 1313 316 1361 cum
328 1289 538 1361 cohortibus
557 1290 700 1361 armatis
718 1290 954 1382 exproximis
974 1290 1124 1369 csssslb't

157 1400 200 1473 in
220 1401 470 1474 frumentarios
491 1401 559 1473 sub
583 1401 696 1496 ipsam
721 1403 840 1473 lucem
862 1401 1042 1496 impetum
1063 1401 1122 1473 fs·

157 1515 218 1587 cit.
242 1512 273 1585 li
286 1514 501 1608 ,repentino
522 1516 619 1585 malo
635 1513 834 1609 perterriti,
861 1512 1106 1611 diffugiunt
1064 1513 1120 1587 sd
1177 1540 1183 1551 ·
1213 1602 1216 1609 Ι

156 1604 218 1696 sua
240 1625 428 1719 praefidit:
466 1648 561 1718 quae
585 1623 694 1695 nostri
713 1640 757 1696 ut
785 1620 984 1711 viderint,
1004 1620 1122 1691 acrius

158 1752 283 1837 contra
300 1752 454 1805 armatos
467 1734 635 1822 incitati,
640 1733 826 1805 nerninem
844 1756 949 1805 exeo
956 1755 1122 1809 numero

157 1844 283 1917 vivum
308 1845 387 1938 capi
404 1824 600 1939 patiuntur.
629 1844 764 1943 Effugit
783 1841 870 1914 inde
888 1854 992 1915 orsur-
989 1844 1120 1937 prucis

158 1950 363 2043 Luderius,
385 1980 452 2027 nec
473 1956 508 2027 se
528 1955 654 2051 recipit
665 1956 711 2025 in
726 1954 841 2025 castm.
867 1952 920 2025 Rs
941 1953 1037 2026 bene
1059 1972 1121 2052 ges
1136 1955 1186 2051 36

154 2065 232 2153 ssa,
258 2066 426 2138 Caninius
446 2091 492 2138 ex
513 2068 659 2162 captivis
678 2065 877 2160 comperit,
905 2080 1119 2159 partemque
1281 2088 1285 2097 ·

158 2177 298 2270 piarum
318 2201 404 2249 cum
431 2177 616 2271 Drappete
631 2166 700 2247 elle
724 2177 763 2246 in
786 2175 942 2247 cunis-a
956 2175 1119 2249 millibus

157 2310 235 2357 non
258 2284 412 2380 amplius
431 2305 500 2357 xri.
532 2286 680 2391 Quare
706 2310 753 2359 ex
781 2286 1030 2381 compluribus
1058 2312 1120 2359 co·

160 2402 275 2497 gnita,
289 2392 374 2471 cutir
390 2398 629 2498 intelligeret,
649 2397 875 2497 fugatoduce
886 2400 998 2471 altero
1006 2432 1023 2488 ,·
1035 2412 1120 2495 pel·
1176 2488 1181 2495 .

159 2511 299 2583 territos
320 2511 476 2604 reliquos
504 2508 608 2581 facile
638 2510 797 2605 opprimi
819 2506 936 2617 poffe3
969 2534 1119 2609 magnae

158 2618 331 2693 felicitatis
353 2620 420 2693 effe
447 2621 701 2709 arbitrabatur,
722 2620 926 2692 neminem
943 2642 991 2692 ex
1008 2621 1120 2697 caede

157 2726 321 2826 refugille
346 2732 391 2800 in
418 2732 546 2820 castra,
575 2733 645 2824 qui
673 2730 720 2802 de
744 2748 889 2825 accepta
920 2732 1120 2805 calamitate

158 2836 332 2906 nuntium
352 2835 525 2932 Drappeti
541 2838 722 2931 perferret.
745 2838 818 2909 Sed
835 2839 874 2907 in
892 2841 1119 2933 experiundo

158 2965 243 3013 cum
267 2940 468 3035 periculum
483 2946 628 3015 nullum
641 2943 795 3031 rideret,
823 2946 1028 3038 equitatum
1042 2972 1121 3019 our.

158 3075 245 3123 nem
264 3052 538 3145 Germanosque
553 3051 711 3147 pedites,
740 3051 902 3125 summae
922 3055 1119 3126 velocitatis

159 3161 341 3252 homines,
365 3162 410 3233 ad
430 3162 535 3235 callia
556 3160 712 3235 ltoliium'
732 3163 948 3256 praemittit:
973 3163 1048 3259 ipse
1068 3167 1120 3239 le·

158 3270 305 3368 gionem
329 3296 440 3342 unam
465 3273 503 3341 in
520 3270 611 3343 trina
629 3271 732 3342 calita
749 3270 950 3360 distribuit,
971 3275 1120 3349 alteram

160 3379 281 3451 fecum
314 3381 519 3473 expeditam
537 3379 662 3451 ducit.
697 3378 798 3453 ¹Cum
831 3383 982 3474 propius
1005 3383 1121 3457 hostes

160 3488 363 3578 accellrllet',
381 3488 426 3560 ab
440 3488 746 3583 exploratoribus,
761 3512 854 3581 quos
873 3490 1132 3583 praemiserat,'·

161 3598 364 3696 cognoscit,
395 3600 502 3671 castra
531 3624 681 3684 eorum,
696 3658 699 3663 .
714 3616 756 3669 ut
791 3600 1022 3673 barbarorum
1050 3600 1120 3675 fert

160 3709 409 3797 consuetudo,
435 3702 560 3781 relissis
581 3711 668 3783 locis
684 3708 946 3803 superioribus,
966 3710 1011 3782 ad
1028 3713 1119 3806 ripas

160 3813 319 3895 fluminis
339 3818 406 3893 elle
433 3817 888 3897 demillazratfiermsnos
907 3821 1120 3917 equitesque
