2632 4426
240 324 315 420 „a
415 323 1023 407 urrrrrooarrrco
1111 392 1114 398 .

242 507 338 576 xm,
360 513 472 582 qnam
492 512 566 561 non
584 492 693 588 longe
713 515 733 561 a
755 490 885 562 finibus
906 489 1116 563 Aeduorum
1134 492 1209 564 col·

151 678 155 685 ,
242 600 421 671 locaverat
446 594 636 672 infinibus
656 599 885 696 Biturigum,
913 601 1021 694 eique
1044 602 1208 704 adiungit

242 710 426 808 legionem
452 729 518 798 tu,
550 735 643 805 quae
669 712 836 805 proxima
861 711 985 783 fuerat.
1025 711 1119 784 Binis
1144 739 1208 787 co-

243 821 423 896 hortibus·
439 822 485 892 ad
510 821 769 916 impedimenta
792 821 928 895 tuenda
947 816 1098 910 reliflis,
1123 824 1206 897 reli'-

240 957 361 1027 quum
386 934 584 1005 exercitum
611 937 649 1028 in
676 934 924 1031 copiofrffimos
952 954 1048 1034 agros
1074 935 1207 1008 Bituri-

239 1062 330 1140 gum
356 1041 518 1113 inducit:
551 1044 618 1137 qui
639 1068 723 1115 curn
748 1046 844 1115 laton
857 1046 944 1116 fines
962 1044 995 1117 8c
1015 1047 1204 1143 complura
1288 1056 1290 1060 ‘

238 1152 389 1247 oppida*
405 1153 607 1245 haberent,
642 1155 749 1224 unius
771 1153 919 1253 legionis
945 1154 1100 1225 hibernis
1124 1178 1203 1228 non

239 1280 434 1369 potuerant
454 1263 656 1352 contineri,
676 1263 766 1357 quin
790 1260 927 1336 bellum
941 1283 1102 1362 pararent
1114 1256 1204 1338 con·

200 1386 221 1466 3
239 1372 506 1468 iurationeeque
526 1373 692 1446 facerent.
719 1375 925 1476 Repentino
943 1376 1101 1450 adventu
1115 1377 1202 1449 Cae·

239 1485 319 1557 faris
342 1486 494 1574 accidit,
526 1485 630 1578 quod
655 1484 835 1580 imparatis
859 1480 1080 1579 disieflisque
1109 1486 1208 1567 acci-¹

238 1598 322 1671 dere
347 1598 415 1670 fuit
441 1597 596 1686 n'eceffe,
622 1608 665 1668 ut
690 1598 762 1669 fine
784 1599 915 1669 timore
929 1600 1015 1668 'ullo
1037 1622 1118 1669 rura
1137 1621 1203 1669 co·

236 1708 351 1778 lentes
372 1709 468 1802 prius
488 1709 535 1779 ab
560 1709 722 1801 equitatu
748 1709 1058 1802 opprimerentur,
1090 1731 1200 1800 qnam

208 1837 211 1846 “
237 1819 489 1916 confugerem
509 1819 646 1911 oppida
666 1817 817 1911 poffent.
845 1817 1016 1909 Namque
1037 1817 1144 1888 etiam
1158 1816 1201 1887 ila

121 1967 124 1972 ·
235 1928 303 2000 lud
329 1930 473 2024 vulgare
499 1928 705 2004 incurfronis
730 1929 873 2028 signum
892 1927 1070 2014 hostiurn,
1092 1926 1199 2021 quod

234 2034 412 2108 incendiis
437 2037 683 2109 aedificiorum
707 2038 856 2134 intelligi
877 2035 1085 2122 consuevit,
1109 2037 1199 2107 Cae·

136 2196 175 2238 0
234 2144 316 2217 saris
334 2146 373 2216 id
395 2164 468 2217 erat
491 2143 679 2249 interdiflp
704 2146 908 2218 sublatum·
938 2168 984 2216 ne
1008 2162 1071 2216 aut
1093 2144 1199 2238 copia
1225 2207 1227 2221 Λ

154 2313 156 2317 ,
233 2256 363 2349 pabuli
381 2255 651 2352 frumentique,
673 2258 860 2355 srlongiua
880 2256 1045 2355 progredi
1065 2256 1210 2348 vellet,

163 2375 176 2426 4ι’
235 2365 477 2468 deficeretu13
511 2386 575 2448 aut
615 2369 728 2439 hostes
762 2367 936 2440 incendiis
972 2374 1214 2440 terrerentun*

234 2456 360 2548 Multis
382 2480 573 2550 homiuum
596 2477 755 2549 millibus
780 2478 911 2572 captia,
939 2462 1113 2570 perterriti
1139 2474 1198 2546 Bi·

233 2590 384 2686 turiges,
403 2591 468 2683 qui
491 2589 652 2682 primum
671 2588 869 2662 adventum
892 2589 1046 2686 effugere
1061 2603 1206 2682 potue

231 2698 613 2783 rantRomanorum,
646 2699 684 2767 iu
711 2697 877 2769 finitimas
908 2697 1097 2783 oivitates,
1131 2710 1196 2780 aut

231 2805 376 2900 privatis
398 2805 557 2899 hospitiis
583 2807 730 2893 confisi,
756 2824 825 2878 aut¹
844 2805 1007 2877 societate
1028 2803 1196 2883 confilio-

229 2941 334 3003 rum,
352 2915 599 3014 confugerant.
626 2918 784 2989 Frustra:
808 2942 891 2989 nam
914 2915 1035 2989 Caesar
1052 2910 1198 3010 >magnit

228 3028 416 3100 itineribus
442 3029 613 3099 omnibus
639 3027 725 3098 locis
752 3026 925 3127 occurrit,
954 3050 1022 3097 nec
1044 3024 1105 3098 rlat
1127 3021 1207 3100 ulli,‚

226 3136 364 3207 civitati
385 3135 538 3228 spatium
560 3135 606 3204 de
630 3136 742 3204 aliena
765 3135 906 3227 potius,
926 3157 1035 3225 quam
1058 3131 1103 3202 de
1124 3129 1193 3202 do·

228 3247 370 3318 mellica
390 3247 501 3318 falute
520 3246 720 3342 cogitandi:
755 3269 829 3336 qua
851 3245 1028 3316 celeritate
1049 3243 1082 3317 ὃς
1100 3242 1194 3314 fide·

226 3360 278 3431 lea
305 3359 437 3429 amicos
460 3358 662 3445 retinebat,
690 3359 954 3432 &dubitantes
983 3375 1116 3427 terrore
1144 3353 1191 3426 ad

227 3458 454 3544 conditiones
484 3471 577 3561 pacis
612 3468 827 3540 adducebat.
872 3468 952 3540 Tali
981 3467 1192 3538 conditione

225 3577 427 3670 proposita,
449 3577 641 3677 Bituriges,
660 3603 746 3648 eum
768 3577 831 3648 fibi
848 3578 1193 3650 ‘viderentclemen-

224 3685 274 3755 tia
297 3685 448 3759 Caesarie
465 3687 625 3769 reditum
654 3701 776 3779 patere
800 3685 839 3757 in
865 3687 939 3757 eius
971 3683 1192 3773 amicitiam,

224 3786 466 3895 finitimasque
482 3800 640 3873 civitates
660 3797 733 3871 fine
749 3799 824 3872 ‘ulla
841 3823 960 3896 poena
974 3798 1104 3876 dedille
1123 3804 1192 3877 ob·
