2632 4426
256 348 337 453 5721
439 346 512 425 ns
549 346 733 428 rrtto
772 350 1030 431 cartrco

254 520 302 591 stc
319 514 474 591 enimin
496 506 576 590 imis
603 518 780 592 radicibus
799 522 934 593 montis
947 522 1151 610 ferebatur,
1175 535 1219 593 ut

253 633 392 705 nullam
409 630 448 703 in
465 651 624 725 partem,
647 632 811 726 depressis
832 631 945 721 folsrs,
968 632 1118 715 derivari
1133 634 1217 729 pos-

253 742 315 813 set·
342 742 424 815 Erat
443 758 567 813 autem
583 742 774 838 oppidanis
793 744 941 815 difficilis
959 743 1218 840 &praeruptus

252 881 299 928 eo
312 853 506 943 descensus,
524 872 585 942 ut,
608 853 882 949 prohibentibus
891 855 1036 945 nostris,
1049 846 1123 926 line
1135 858 1225 928 vul··

252 968 399 1041 neribus
415 988 455 1039 ac
479 967 640 1060 periculo
668 956 907 1061 ultioneque
931 968 1030 1040 adire
1051 968 1215 1057 flumen,

180 1068 373 1173 Tt'neque
398 1076 511 1149 arduo
522 1076 557 1147 se
577 1076 735 1170 recipere
754 1076 892 1172 pollent
913 1078 1093 1151 adscensu.
1131 1080 1218 1185 Qun

252 1190 460 1261 difficultate
489 1208 616 1258 eorum
646 1188 810 1287 cognita,
852 1189 995 1276 Caesar,
1024 1189 1219 1288 sagittariis

249 1299 567 1393 funditoribusque
582 1300 779 1395 disposrtis,
799 1302 987 1372 tormentit
1008 1301 1223 1397 etiamquia

225 1479 230 1489 .
249 1410 405 1484 busdam
427 1411 514 1482 locis
538 1429 663 1483 contra
679 1410 866 1482 facillimos
891 1410 1073 1484 descensus
1099 1414 1219 1484 collo-³

248 1526 352 1611 datis,
365 1546 459 1617 aqua
479 1520 638 1593 fluminis
649 1520 868 1616 prohibebat
881 1520 1100 1618 oppidsnos‘,
1125 1548 1216 1616 quo·

250 1654 334 1701 rum
347 1629 462 1701 omnis
483 1632 602 1724 postea
617 1630 818 1702 multitudo
841 1641 1015 1723 aquatum
1036 1634 1153 1702 unum
1173 1632 1217 1703 in·

184 1764 230 1834 4¹
246 1742 372 1812 locum
404 1738 653 1811 conveniebat.
692 1737 769 1811 Sub
802 1740 921 1834 ipsum
954 1742 1052 1811 enim
1084 1740 1215 1835 oppidi

246 1869 395 1924 murum
420 1874 569 1949 magnus
586 1848 667 1921 sons
681 1851 1095 1947 aquaeprorumpebat‚
1108 1852 1154 1923 ab
1168 1877 1213 1925 ea·

246 1966 367 2060 parte',
396 1961 575 2056 quaesere
590 1962 731 2057 pedum
753 1958 824 2034 cc'c
842 1962 1029 2057 intervallo
1053 1963 1215 2036 fluminis

247 2074 400 2146 circuitu
414 2064 575 2145 vacabat.
594 2072 676 2143 Hoc
686 2071 788 2143 fonte
802 2073 984 2166 prohiberi
999 2072 1095 2169 posse
1109 2076 1215 2169 oppi-

249 2186 360 2256 danos
379 2208 465 2256 cum
489 2198 655 2278 optarent
675 2182 831 2277 reliqui,
853 2182 979 2255 Caesar
995 2207 1088 2257 unus
1110 2185 1216 2257 vide·

246 2298 322 2383 r'et3
350 2297 450 2390 [non
476 2292 549 2363 sr'ne
568 2288 700 2391 magno
723 2292 914 2392 periculo]
943 2293 1122 2392 eregione
1136 2295 1213 2366 eius

246 2406 367 2478 vineas
394 2430 497 2503 agere
527 2404 692 2477 adversus
717 2420 905 2501 montem,
935 2405 1128 2503 &aggeres
1153 2404 1214 2476 in·

246 2516 378 2587 struere
401 2513 541 2609 coepit,
573 2537 705 2610 magno
729 2537 814 2583 cum
837 2512 962 2584 labore
984 2513 1017 2586 dc
1039 2513 1214 2586 continua

249 2625 492 2697 dimicatione.
507 2622 694 2719 Oppidani
717 2624 837 2709 enim,
854 2628 937 2697 loco
952 2623 1130 2719 superiore
1145 2624 1214 2696 de·

195 2720 199 2739 ²
247 2728 450 2819 currentes,
470 2732 612 2803 eminus
634 2731 707 2801 fine
732 2730 895 2826 periculo
918 2732 1213 2828 proeliabantur,

247 2845 457 2936 multosque
470 2842 697 2937 pertinaciter
711 2841 939 2915 succedentes
952 2843 1210 2928 vulnerabant3

247 2952 291 3024 ut
318 2968 442 3023 tamen
464 2972 541 3021 non
572 2948 835 3022 deterrerentur
859 2952 988 3022 milites
1018 2950 1127 3022 nostri
1154 2949 1240 3022 vi··

246 3052 329 3136 neas
342 3062 528 3159 proferre,
555 3061 773 3159 [tentore]
799 3078 910 3155 atque
928 3062 1098 3157 operibus
1111 3065 1213 3134 loco·

246 3200 328 3275 rum
341 3176 482 3249 vincere
500 3174 733 3247 difficultates.
760 3173 900 3265 Eodem
919 3170 1085 3269 tempore
1097 3168 1212 3246 tessus

246 3286 433 3383 cuniculos
452 3282 498 3355 ab
526 3282 637 3355 vineis
648 3299 760 3381 agunt
772 3284 818 3354 ad
838 3302 947 3379 caput
962 3284 1088 3371 sontis3
1107 3280 1212 3378 quod

244 3380 486 3493 genusoperis
502 3392 580 3465 ¹srne
599 3396 675 3465 ullo
692 3393 852 3488 periculo
872 3396 904 3463 lc
922 3395 994 3465 srne
1010 3392 1210 3488 suspicione
1260 3446 1264 3455 .

245 3503 400 3575 hostium
423 3502 536 3575 facere
558 3503 696 3575 licebat.
723 3502 921 3575 Exstruitur
941 3528 1046 3601 agger
1065 3504 1104 3573 in
1131 3504 1213 3575 alti-

246 3614 416 3685 tudinem
435 3613 574 3709 pedum
598 3634 666 3703 1x,
702 3614 898 3685 collocatur
928 3615 965 3683 in
991 3638 1036 3684 eo
1060 3613 1162 3683 turris
1182 3624 1216 3694 x,

248 3710 519 3809 tabulatorum,
544 3748 621 3795 non
645 3722 796 3817 quidem
820 3749 914 3816 quae
940 3721 1130 3794 moenibus
1151 3747 1210 3794 ae·

243 3822 439 3925 quaretur,
465 3832 526 3929 (id
551 3833 647 3907 enirn
672 3833 780 3904 nullis
805 3832 974 3927 operibus
999 3830 1089 3904 effici
1106 3848 1211 3925 pote·
