2632 4426
359 374 364 385 ·
431 354 663 434 LIBER
698 354 944 434 .V11s.·f
1041 372 1129 457 arn

154 519 331 618 'quaestus
342 534 358 610 ,’
386 522 423 593 in
446 522 549 595 casira
573 521 792 618 perducitur.
817 516 973 622 Cogitur.
982 521 1021 595 in
1039 523 1129 601 eius.

155 632 371 728 supplicium
389 630 513 703 Caesar
536 646 659 703 contra
677 649 841 703 naturam
858 626 977 718 stram,
999 631 1115 703 maxi·

156 767 221 814 mo
243 740 399 811 militum
416 739 614 825 concursu,
635 741 699 832 qui
724 740 758 810 ei
774 739 897 829 omnia
910 741 1065 835 pericula
1080 738 1146 812 &2

157 850 378 927 detrimenta·
394 851 505 937 belli,
533 876 554 921 a
585 848 766 921 Gutmato
794 865 959 944 accepta,
986 849 1117 921 resere-

159 959 265 1047 bant,
295 959 388 1031 adeo
411 977 453 1031 ut
478 959 686 1043 verberibin
714 959 959 1031 exanimatum
986 981 1129 1054 corpur-
1160 1052 1163 1057 Ι

158 1067 268 1143 securi
286 1067 460 1147 feriretur.
488 1066 547 1138 Ibi
559 1066 690 1137 crebrir
708 1066 816 1138 literis
830 1066 972 1139 Caninii
989 1066 1030 1137 fit
1044 1087 1178 1166 cen-39

159 1175 253 1267 tior,
267 1200 363 1269 quae
381 1175 427 1246 de
448 1176 632 1270 Drappete
649 1175 682 1249 n
699 1172 864 1249 Lucterio
882 1178 976 1276 gesta
987 1176 1117 1269 essent,

159 1308 318 1464 quoques
334 1287 373 1357 in
390 1286 535 1357 consilio
554 1304 805 1380 permanerent
817 1288 1002 1383 oppidani.
1015 1288 1120 1395 Quo·

160 1418 244 1468 rum
263 1395 324 1466 etsi
344 1397 559 1491 paucitatem
589 1397 870 1486 contemnebat,
898 1416 1017 1470 tamen
1037 1419 1121 1491 per-

161 1501 326 1573 tinaciam
357 1526 485 1600 magna
510 1525 630 1596 poena
653 1500 719 1572 esse
742 1501 963 1575 afficiendam
983 1501 1146 1575 iudica·

162 1607 262 1695 bat;.
269 1634 316 1679 ne
335 1610 496 1681 universa
527 1608 658 1697 Gallia,
677 1631 756 1681 non
776 1609 866 1681 vires
887 1608 953 1680 fibi
974 1592 1121 1711 defuisse

163 1718 210 1789 ad
230 1719 460 1793 resistendum
477 1718 671 1805 Romanis,
694 1717 757 1788 sed
780 1718 1011 1795 constantiam
1021 1743 1161 1813 ,·Ριι
1178 1806 1196 1825 ⁴

165 1841 274 1913 taret,
302 1851 393 1899 neve
412 1830 482 1899 hoc
507 1829 676 1923 exemplo
690 1843 826 1898 ceterae
838 1826 1010 1916 civitatee,
1026 1830 1123 1899 loco·

164 1959 248 2021 rum
270 1939 561 2033 opportunitate
564 1935 696 2025 fretae,
717 1936 751 2008 se
774 1937 1025 2009 vindicarent
1016 1962 1055 2009 ιιι
1078 1942 1124 2009 li·

106 2042 115 2063 “
166 2044 365 2129 bertatem:
401 2054 485 2119 crim
511 2049 678 2136 omnibus
707 2047 814 2119 Gallis
839 2064 969 2122 notum
996 2032 1123 2136 sciret,

165 2158 341 2254 reliquam
370 2163 436 2233 esse
462 2187 572 2235 unam
603 2162 767 2253 aestatem
789 2162 870 2235 suae
898 2160 1126 2257 provinciae;

166 2294 278 2365 quam
293 2272 320 2341 si·
336 2272 501 2345 sustinere
521 2271 733 2367 potuissent,
760 2273 904 2343 nullum
929 2273 1020 2341 ultra
1031 2271 1127 2364 peri·

169 2381 292 2465 ‚culum
315 2388 532 2453 vererentur.
554 2381 681 2476 Itaque
702 2381 749 2486 Q.
773 2380 947 2451 Calenum
965 2382 1133 2477 legatum.

168 2511 255 2579 pum
271 2490 472 2586 legionibus
488 2510 519 2561 11
541 2490 709 2583 reliquit,
733 2489 799 2583 qui
824 2488 919 2559 iustis
939 2480 1127 2579 itineribue

168 2595 204 2683 se
211 2596 501 2691 subsequeretur:
520 2597 593 2692 ipse
606 2620 692 2683 cum
707 2621 808 2667 omni
816 2613 999 2689 equitatu,
1014 2620 1126 2699 quam

169 2704 287 2799 potest
302 2707 508 2793 celerrime,
529 2705 577 2778 ad
596 2704 790 2777 Caninium
803 2704 1004 2780 contendit.
1029 2702 1134 2775 Cum
1125 2718 1187 2793 40

168 2828 294 2883 contra
324 2809 621 2909 exspectationem
654 2815 820 2885 omnium
842 2813 965 2885 Caesar
983 2796 1131 2889 Uxelloss

170 2921 314 2993 dunum
346 2920 510 3010 venisset,
555 2924 807 3019 oppidumque
832 2924 1000 3027 operibus
1029 2926 1128 3027 ιΙιιιι·Ι

170 3029 249 3105 sum
258 3057 420 3104 ammum
433 3031 632 3123 adverteret
638 3060 650 3120 ;
666 3059 789 3129 neque
801 3033 847 3105 ab
857 3012 1129 3133 oppugnatione

170 3141 291 3215 recedi
305 3141 443 3213 videret
459 3143 531 3213 ulla
552 3144 764 3219 conditione
784 3142 900 3238 posse3
919 3130 1057 3243 ¹magna
1063 3166 1127 3221 an-

169 3269 248 3333 tem
275 3251 377 3347 copia
409 3250 582 3321 frumenti
613 3251 796 3325 abundare
830 3251 1048 3349 oppidanos,
1067 3272 1127 3322 ‘ex

170 3363 327 3462 perfugis
349 3360 546 3461 cognosset,
573 3386 663 3454 aqua
684 3362 878 3465 prohibere
894 3362 1031 3433 hostem
1050 3379 1132 3431 ten

171 3494 247 3549 tare
271 3476 400 3571 coepit.
424 3474 576 3545 Flumen
593 3471 755 3543 infimam
772 3474 901 3543 vallem
922 3470 1128 3561 dividebat,

172 3608 267 3679 quae
278 3602 401 3656 totum
416 3607 529 3679 paene
546 3596 709 3653 montem
722 3580 929 3677 cingebat,
919 3605 957 3651 m
965 3604 1056 3675 quo
1061 3604 1128 3675 po·
1186 3644 1191 3655 .

173 3694 279 3763 sttum
298 3710 371 3763 erat
393 3710 628 3788 praeruptum
643 3690 813 3784 undique
825 3688 1006 3784 oppidum
1022 3684 1129 3761 Uxel·

172 3804 365 3893 ludunum·
395 3806 478 3877 Hoc
494 3805 607 3880 averti
635 3802 705 3877 loci
740 3817 866 3907 natura
890 3782 1128 3911 prohibebat}
