2632 4426
229 342 324 444 sn
420 342 493 418 us·
528 343 722 420 surio
756 313 1039 420 sitrico
1083 392 1086 398 ·

236 506 308 578 -dis
334 510 481 596 morati,
508 511 606 603 prius
628 509 706 579 suos
732 507 907 580 disceffille
933 521 1211 606 cognoverunt,⁸

98 702 99 707 ἵ
253 629 362 710 quam
385 619 649 690 munitionibus
682 619 1025 712 appropinquarent.
1064 620 1136 708 Ita,
1168 642 1212 692 re

191 723 235 831 83
253 720 399 813 infella,
431 727 469 797 in
503 727 680 820 oppidum
710 743 951 799 reverterunt..
985 727 1041 798 Bis
1072 749 1227 826 magno<

253 861 338 909 cum
359 836 577 906 detrimento
591 838 718 930 repulsr
735 837 845 922 Galli,
870 838 961 930 quid
975 856 1099 936 agant,
1116 863 1227 910 con-t

252 945 394 1014 sulunt:
421 947 583 1014 locorum
598 947 731 1036 peritos
749 945 941 1017 adhibent:
965 948 1011 1018 ab
1034 948 1086 1017 his
1101 947 1218 1040 lupe*
1286 955 1294 969 '

191 1045 193 1048 ¹
251 1054 388 1126 riorum
420 1053 609 1122 castrorum
636 1052 718 1122 snus
751 1055 1042 1153 munitionesque
1069 1079 1225 1151 cogno--

251 1165 362 1236 scunt.
392 1164 507 1234 Erata
526 1163 840 1256 septemtrionibus
858 1168 979 1252 collis,
993 1191 1103 1259 quem
1119 1190 1228 1258 pro-2

252 1293 333 1370 pter
350 1274 636 1372 magnitudinem
661 1275 826 1345 circuitus
842 1301 950 1369 opere
964 1270 1212 1367 circumpledli

251 1411 329 1459 non
355 1401 547 1479 potuerant
568 1383 696 1471 nostri,
729 1385 988 1476 necessarioque
1003 1407 1115 1476 paene
1137 1384 1211 1455 ini-

252 1522 329 1591 quo
359 1499 462 1581 loco,
502 1492 535 1563 8c
564 1495 692 1564 leniter
723 1493 870 1578 declivi,
905 1494 1009 1564 castra
1040 1493 1223 1575 fecerant,

250 1606 352 1676 Haec
367 1605 405 1674 C.
420 1601 587 1677 Antistius
610 1603 784 1699 Reginus,
805 1605 837 1676 lc
856 1604 893 1674 C.
912 1604 1079 1677 Caninius
1099 1601 1215 1672 Rebi·

182 1760 187 1780 ,
250 1714 327 1799 lus,
347 1711 471 1807 legati,
487 1733 579 1781 cum
605 1709 743 1782 duabus
765 1708 965 1810 legionibus
980 1695 1210 1782 obtinebant.

252 1821 416 1918 Cognitis
427 1845 492 1914 per
512 1824 750 1912 exploratores
772 1822 993 1919 regionibus,
1018 1821 1125 1893 duces
1142 1824 1214 1892 ho·

252 1932 358 2002 stium
379 1949 428 1999 Lx
443 1930 553 1999 millia
567 1953 611 1999 ex
625 1931 726 2002 omni
744 1955 896 2002 numero
908 1930 1071 2028 deligunt
1083 1956 1209 2004 earum

252 2040 467 2125 civitatum,
494 2062 587 2130 quae
611 2041 806 2110 maximam
828 2042 967 2110 virtutis
992 2041 1219 2134 opinionem

250 2148 455 2232 habebant,
480 2144 592 2238 quid,
606 2148 757 2240 quoque
780 2143 883 2242 pallo
901 2149 957 2247 agi
973 2151 1128 2242 placeat,
1147 2174 1213 2221 oce

251 2261 349 2335 culte
367 2258 458 2328 inter
471 2257 506 2326 se
531 2257 773 2344 constituunt3
799 2258 960 2328 adeundi
975 2262 1118 2350 tem'pus
1144 2259 1212 2328 de⁴

150 2421 155 2445 .
251 2371 412 2456 finiunt,
447 2394 532 2441 cum
555 2369 719 2440 meridies
743 2371 809 2441 elle
831 2369 1002 2442 videatur.
1027 2371 1071 2442 Iis
1092 2372 1208 2466 copiis

204 2537 211 2544 .
250 2479 559 2576 Vergafillaunum
585 2478 809 2568 Arvernum,
836 2503 954 2550 unum
979 2505 1027 2551 ex
1049 2499 1211 2574 quatuor

250 2589 427 2677 ducibus,
461 2589 711 2684 propinquum
744 2589 1059 2687 Vercingetorigis,
1080 2591 1212 2684 praefi·

252 2696 365 2766 ciunt.
391 2696 455 2765 Ille
473 2719 518 2765 ex
540 2695 650 2765 castris
666 2695 780 2788 prima
799 2695 916 2792 vigilia
939 2696 1104 2793 egrellus,
1124 2720 1211 2789 pro-
1287 2713 1289 2717 ’

251 2830 301 2900 pe
325 2802 488 2878 consedio
519 2805 585 2876 sub
617 2808 736 2876 lucem
759 2805 913 2892 itinere,
943 2805 1023 2900 post
1041 2825 1210 2880 montem

251 2916 288 2987 se
307 2917 520 3014 occultavit,
540 2915 742 3006 militesque
764 2939 810 2985 ex
825 2909 1002 2986 nollurno
1022 2913 1142 2984 labore
1155 2914 1222 2984 se··

162 3026 163 3033 '
252 3026 288 3096 se
314 3027 453 3097 reficere
477 3025 578 3096 iuffit.
618 3024 712 3095 Cum
733 3024 803 3094 iam
827 3025 991 3095 meridies
1009 3023 1211 3120 appropinss

252 3157 364 3225 quare
393 3133 591 3220 videretur,
623 3133 669 3202 ad
687 3157 727 3202 ea
749 3132 877 3220 castra,
906 3156 998 3225 quae
1015 3133 1117 3224 supra
1142 3131 1211 3203 de·

252 3242 547 3328 monstravimus,
571 3240 780 3312 contendit:
809 3241 1013 3342 eodemque
1041 3259 1211 3335 ternpore
1240 3292 1242 3296 ι

253 3351 431 3443 equitatus
454 3348 500 3419 ad
526 3348 730 3442 campestres
772 3349 990 3419 munitiones
1021 3349 1221 3442 accedere,-

254 3458 466 3551 &reliquae
487 3461 611 3552 copiae
629 3459 697 3529 sese
721 3460 787 3552 pro
810 3459 922 3529 castris
936 3459 1118 3529 ostendere
1130 3483 1212 3530 coe·

193 3575 240 3666 84
256 3586 397 3662 perunt.
422 3567 695 3665 Vercingetorix
717 3593 762 3639 ex
777 3593 854 3638 arce
875 3566 1008 3641 Alesiae
1026 3570 1105 3638 suos
1119 3593 1211 3639 con-

254 3679 427 3772 spicatus,
454 3703 499 3748 ex
525 3676 662 3771 oppido
684 3676 886 3773 egreditur3
908 3702 928 3744 a
949 3676 1059 3745 castris
1076 3678 1221 3772 ungu-

256 3788 345 3877 rios,
371 3788 573 3877 musculos,
605 3785 729 3877 falces,
755 3786 999 3880 reliquaque,
1018 3809 1110 3883 quae
1128 3781 1222 3860 ern«
1301 3884 1304 3892 Ι
