2632 4426
232 348 306 436 ιιι
421 344 494 423 ua
530 345 719 461 samo
755 328 1011 423 caturco

229 505 481 581 Romanorum
508 496 772 599 permanserat,
798 530 882 580 cum
914 534 992 603 pars
1015 509 1194 603 quaedam¹

226 612 388 688 civitatis
398 619 472 721 eius
493 615 712 711 defeciffet,)
724 617 770 693 ad
784 618 965 712 oppidum
982 618 1190 695 Lemonum

225 728 426 802 contendit.
476 730 566 835 Quo
586 753 672 801 cum
690 729 917 818 adventaret,
942 748 1053 824 atque
1073 757 1121 804 ex
1140 758 1196 805 ca·

225 837 335 932 ptiris
350 838 479 911 certius
493 837 739 934 cognosceret,
756 840 879 913 multis
897 840 1090 929 hominum
1108 843 1190 917 mil·

223 946 320 1023 libus
345 973 367 1021 a
397 946 614 1033 Dumnaco,
643 947 736 1023 duce
770 945 964 1036 Andium,
997 948 1190 1024 Duratium

225 1056 384 1129 clausum
403 1058 557 1131 Lemoni
575 1059 801 1157 oppugnari,
824 1082 945 1152 neque
965 1060 1121 1131 infirmas
1137 1064 1189 1132 le-

223 1167 347 1265 giones
367 1168 526 1241 hostibus
545 1170 770 1241 committere
789 1169 936 1243 auderet
942 1198 955 1255 ;
988 1171 1093 1249 castra
1108 1197 1190 1243 mu·

212 1277 302 1350 nito
332 1280 417 1351 loco
444 1279 574 1372 posuit.
613 1279 847 1368 Dumnacus,
877 1306 962 1353 cum
989 1281 1188 1375 appropin-

221 1408 333 1478 quare
367 1384 561 1463 Caninium
591 1373 834 1484 cognovillet,
871 1387 981 1481 copiis
1011 1388 1187 1463 omnibus

203 1496 268 1568 ad
292 1499 449 1596 legiones
474 1498 666 1584 converfir,
681 1493 786 1572 castra
800 1497 1047 1572 Romanorum
1068 1518 1187 1593 oppu·

219 1632 329 1704 gnare
356 1608 517 1685 instituit.
547 1609 645 1685 Cum
672 1609 875 1702 complures
905 1609 1038 1682 diesin
1066 1633 1185 1702 oppu-

219 1719 388 1816 gnatione
416 1717 673 1807 consumlillet,
699 1717 760 1805 &,
794 1742 925 1814 magno
947 1717 1095 1788 suorum
1121 1717 1184 1787 de·

219 1829 416 1914 trimento,
438 1831 574 1901 nullam
596 1844 734 1922 partem
764 1827 1011 1899 munitionum
1034 1829 1184 1899 convel-

219 1937 293 2007 lere
311 1936 492 2031 potuillet,
509 1935 624 2006 rursus
645 1937 693 2006 ad
713 1934 951 2005 obsidendum
968 1935 1177 2011 Lemonum
1281 1990 1283 1997 ,

154 2072 202 2150 27
219 2048 321 2124 redit.
363 2028 502 2123 Eodem
522 2061 686 2140 tempore
708 2047 745 2117 C
767 2047 894 2119 Fabius
915 2049 1050 2144 legatus
1078 2071 1183 2119 com-

216 2161 336 2253 plures
358 2158 514 2231 civitates
541 2160 577 2227 in
604 2156 716 2227 fidem
741 2157 888 2250 recipit,
914 2157 1095 2230 obsidibus
1123 2157 1181 2228 fin·

215 2289 316 2353 mat,
341 2269 522 2360 literisque
552 2268 592 2338 C.
616 2266 755 2339 Caninii
780 2267 819 2336 lit
847 2267 997 2354 certior,
1024 2268 1178 2358 quaein

209 2374 424 2451 Pictonibus
448 2394 626 2476 gerantur.
685 2375 831 2482 Quibus
862 2375 967 2449 rebus
999 2377 1177 2472 cognitis,

153 2514 155 2519 ·
211 2491 448 2587 proficiscitur
465 2491 509 2559 ad
529 2487 704 2564 auxilium
724 2483 877 2561 Duratio
895 2485 1095 2558 ferendum.
1125 2485 1178 2562 At

210 2600 447 2685 Dumnacus,
475 2600 633 2671 adventu
661 2596 759 2667 Fabii
791 2593 957 2688 cognito,
994 2595 1174 2690 desperata

209 2711 344 2798 salute,
376 2711 400 2785 fi
425 2702 555 2781 eodem
577 2725 740 2801 tempore
763 2700 904 2777 coattus
929 2705 1012 2781 ellet
1043 2705 1176 2779 &Ro-

209 2842 362 2893 manum
384 2831 573 2888 externum
597 2814 765 2888 iisstinere
790 2813 951 2900 hostem,
972 2811 1172 2905 &respice-

207 2952 248 3003 re
266 2951 314 2999 ac
342 2927 470 2998 timere
500 2922 728 3018 oppidanos,
762 2929 917 3015 repente*
945 2944 991 2990 ex
1018 2944 1062 2990 eo
1086 2921 1171 2997 loco

208 3061 294 3112 cum
315 3036 425 3130 copiis
444 3033 603 3118 recedit;
622 3057 688 3105 nec
711 3033 746 3103 se
769 3032 846 3104 satis
871 3046 994 3102 tutum
1018 3029 1095 3103 fore
1113 3053 1171 3103 at·

207 3144 384 3230 bitratur,
407 3142 470 3216 nili
492 3138 630 3211 flumen
654 3141 830 3240 Ligerim,
857 3142 960 3235 quod
982 3158 1055 3214 erat
1073 3165 1171 3235 pon·

205 3270 245 3324 te
267 3269 415 3347 propter
432 3249 718 3347 magnitudinem
745 3251 1024 3338 transeundum,
1050 3250 1168 3345 copias

206 3360 464 3434 transduxillet.
501 3360 652 3448 Fabius,
679 3361 739 3433 etsi
761 3363 927 3439 nondum
953 3360 993 3432 in
1018 3361 1170 3454 conspe·

140 3483 154 3489 ‘'
206 3458 306 3544 {irim
323 3486 469 3542 venerat
492 3470 674 3557 hostibus,
699 3496 819 3565 neque
847 3473 882 3544 se
903 3498 987 3547 cum
1013 3472 1166 3546 Caninio
1264 3463 1269 3471 ’

203 3579 459 3666 coniunxerat,
484 3595 605 3655 tamen
627 3572 752 3652 donus
770 3581 816 3651 ab
833 3579 892 3668 iis,
918 3581 983 3673 qui
999 3583 1165 3651 locorum

204 3709 380 3764 noverant
403 3714 588 3777 naturam,
611 3687 829 3791 potilltmum
855 3688 1027 3778 credidit,
1050 3689 1165 3761 hostes

202 3800 409 3896 perterritos
425 3823 509 3874 eum
533 3799 681 3886 locum,
707 3820 819 3891 quem
835 3796 1008 3895 petebat,
1029 3794 1166 3894 petitu·
