2632 4426
417 351 780 428 manat«
1001 379 1050 457 ις

92 525 172 595 item
190 521 342 620 populum
363 520 540 619 Romanam
556 523 649 589 vietis
667 545 729 590 non
748 517 793 589 ad
807 519 942 590 alterius
954 545 1049 617 prae·

82 633 248 728 scriptum
259 682 269 704 ,
280 629 338 720 sed
352 630 396 698 ad
404 629 505 722 suum
523 631 691 698 arbitrium
715 632 873 726 imperare
885 631 1046 726 eunsraeffe.

93 743 134 814 Si
148 741 212 839 ipse
221 741 335 838 popule
349 740 491 809 Romano
504 765 568 809 nan
580 740 832 836 praescriberet,
847 743 1047 834 quemadmo-

92 850 236 944 durusne
249 853 317 920 iure
331 869 495 923 uteretur:
508 877 568 920 noa
579 869 721 949 oportere
734 853 767 944 se
781 879 799 922 a
811 853 925 948 populo
936 854 1048 923 Roma·

93 986 133 1034 no
146 961 247 1054 insuo
258 962 326 1030 iure
340 961 493 1058 impediri.
506 961 718 1056 Aedaesſsii,
734 965 882 1057 quoniam
895 962 1048 1060 bellifor·
1076 1042 1078 1050 Ι

95 1087 216 1141 tunam
231 1071 419 1164 tentaffent,
445 1071 476 1136 dr
498 1073 598 1139 armis
623 1073 771 1164 congreffi
794 1095 832 1140 ac
835 1070 986 1169 superati
1002 1073 1050 1165 es-

79 1181 181 1276 sent.
191 1179 624 1277 stipendiarieseffefatius.
642 1181 799 1274 Magnam
815 1179 981 1272 Caesarem
998 1186 1048 1252 in·

93 1291 215 1359 iuriam
219 1286 356 1384 facere,
382 1289 508 1384 quisue
531 1289 669 1359 adventa
689 1289 861 1380 reiiigalia
876 1291 938 1383 fibi
959 1291 1047 1361 dete-

94 1399 185 1467 riora
199 1395 343 1493 feceret.
370 1397 490 1467 aeduis
506 1397 545 1490 se
566 1396 683 1491 obfides
704 1397 903 1467 redditurum
924 1425 986 1468 nun
1003 1403 1048 1493 es·

82 1507 150 1603 set
167 1533 265 1602 neque
285 1512 345 1582 iis.
368 1534 465 1604 neque
487 1534 592 1579 eorum
604 1508 862 1600 suciis.‘iniaria
874 1509 988 1577 bellurn
1007 1511 1048 1578 il-

96 1616 261 1689 laturum,
275 1619 314 1712 fi
341 1621 374 1687 in
398 1643 431 1686 eo
457 1633 641 1690 manerent,
667 1615 752 1712 quod
773 1618 1048 1711 coaveaiffeaffi-

91 1727 303 1824 pendiumque
316 1730 484 1823 quotannis
497 1727 673 1826 penderent
683 1752 694 1792 .·
697 1725 736 1819 fi
753 1725 789 1794 id
802 1749 863 1794 non
877 1724 948 1822 seui
972 1743 1047 1802 eat,

97 1839 239 1931 lunge'
215 1864 254 1907 ns
274 1839 465 1938 fraternum
490 1863 600 1928 nornen
627 1839 735 1935 popuii
725 1837 895 1915 iRarnani
916 1866 936 1907 a
938 1839 1047 1935 istitu-

96 1971 179 2016 rura.
190 1948 387 2072 Quodfibi
374 1947 533 2039 rCaesar
562 1947 786 2019 denuntiaret,
799 1947 1045 2049 seAeduorum

96 2057 234 2126 iniurias
257 2083 318 2128 nun
338 2060 578 2152 negiee‘iurumt
604 2061 760 2128 nerninem
772 2059 885 2152 secum
893 2060 1087 2152 finesua

92 2166 234 2262 pernicie
249 2168 449 2262 contendffe.
477 2165 557 2234 Cum
575 2191 612 2237 ve
614 2166 688 2237 liet.
708 2166 971 2257 congrederetur:
995 2169 1047 2236 in·

98 2274 314 2348 telletiarum,
330 2275 408 2370 quid
420 2276 530 2344 invicti
549 2272 702 2342 Germani
710 2324 721 2345 ,
746 2275 996 2367 exercitatiffirni
1011 2278 1046 2351 ia

95 2382 213 2466 annis,
245 2385 300 2476 qui
320 2383 405 2451 inter
428 2405 528 2450 annos
549 2396 629 2448 XIV
655 2381 772 2448 tectum
796 2404 855 2448 noa
869 2380 1044 2474 subissent,

96 2489 351 2587 virtutepaffeat.
369 2490 467 2558 Haec
480 2485 608 2557 eodem
626 2502 788 2580 tempore
800 2486 933 2557 Caesari
947 2513 1046 2557 man·
1061 2516 1107 2588 37
1129 2483 1135 2489 ’

97 2595 179 2665 data
199 2598 461 2684 referebantur,
485 2595 516 2667 8c
536 2598 640 2695 legati
662 2595 708 2666 ab
728 2594 862 2665 Aeduis
879 2596 911 2690 tq
927 2621 946 2665 a
960 2597 1047 2666 Tre·
1107 2586 1109 2591 ¹

96 2706 176 2776 viris
190 2709 406 2779 veniebant:
432 2705 570 2793 Aedui,
593 2706 779 2798 questum,
802 2709 904 2799 quod
931 2707 1047 2778 Haru·
1110 2760 1112 2764 .
1226 2759 1228 2763 «

96 2814 179 2900 des,
205 2818 270 2908 qui
288 2841 406 2911 nuper
432 2819 470 2886 i'n
490 2815 642 2886 Galliam
663 2818 887 2909 transportati
912 2816 1046 2907 effeat,

96 2925 185 2996 fines
196 2950 320 2996 eorum
335 2929 611 3020 popularentur;
637 2925 705 2998 sese
717 2949 763 2996 ne
774 2925 955 2998 obsidibus
969 2928 1048 3018 qui·

32 3079 37 3085 ·
98 3035 183 3105 dem
214 3037 301 3106 datis
331 3061 456 3130 pacem
486 3036 647 3113 Ariovisti
676 3031 850 3106 re'dimere
875 3038 1044 3131 potuiffe:

98 3144 238 3216 Treviri
256 3163 395 3229 autem,
418 3168 524 3240 pagos
541 3161 687 3217 centum
709 3142 909 3216 Suevorum
935 3145 985 3216 ad.
1001 3148 1047 3215 ri·

98 3279 183 3351 pam
203 3255 320 3325 Rheni
333 3253 541 3340 consedisse,
565 3256 627 3347 qui
647 3255 815 3324 Rhenum
828 3257 972 3325 transire
985 3282 1047 3332 cu·

98 3380 286 3458 tarentum
313 3365 352 3433 iis
365 3363 516 3457 praeesse
534 3364 685 3434 Nasuam
704 3363 968 3436 &Cimberium
982 3365 1047 3436 fra·
1112 3392 1113 3396 ¹

98 3493 177 3548 tres.
198 3478 340 3584 Quibus
361 3477 464 3546 rebus
492 3475 614 3547 Caesar
631 3478 860 3547 vehementer
885 3471 1056 3559 commo(

98 3601 177 3673 tus,
198 3587 451 3656 maturandum
471 3586 535 3656 fibi
561 3587 787 3674 existimavit,
813 3612 881 3673 ne,
907 3587 929 3654 fi
951 3605 1046 3663 nova

50 3724 58 3732 .
100 3717 227 3764 manus
241 3695 440 3766 Suevorum
462 3721 546 3768 cum
562 3697 740 3768 veteribus
762 3697 870 3790 copiis
885 3694 1047 3765 Ariovisti

99 3803 168 3906 sese
193 3807 450 3901 coniunxiffet,
463 3809 592 3880 minus
603 3807 703 3881 facile
718 3808 820 3878 resisti
838 3800 960 3901 puiset.
977 3805 1048 3877 Ita·
