2632 4426
256 320 338 428 ηε
426 311 502 387 ur
536 311 730 386 sunto
754 311 1034 390 ommno
1148 256 1150 261 ’

198 478 419 557 '22constare
437 477 693 574 intelligebant
723 475 896 574 Singulari
906 480 1063 551 militum
1079 481 1223 554 nostro*

260 611 342 660 rum
356 586 478 658 virtuti
494 585 634 657 confilia
647 589 820 677 cuiusque
834 587 936 656 modi
955 588 1138 660 Gallorum
1155 615 1221 663 oc·

259 697 470 783 currebant,
494 713 535 767 ut
561 696 609 767 est
634 695 790 766 summae
813 721 922 792 genus
947 699 1128 789 solertiae,
1161 716 1222 772 at-

258 834 333 902 que
348 808 393 878 ad
419 809 538 878 omnia
554 806 725 877 imitanda
744 825 854 898 atque
880 809 1085 898 efficienda,
1121 835 1221 904 quae

243 923 306 992 ab
327 944 477 1012 quoque
498 917 704 1004 tradantur,
739 918 962 1010 aptissimum.
984 921 1134 992 Nam&
1160 923 1219 992 la·

260 1031 361 1123 queis
379 1029 482 1098 salces
496 1028 715 1113 avertebant,
737 1053 822 1120 quas
834 1052 915 1098 cum
933 1028 1218 1118 destinaverant,

258 1140 445 1211 tormentis
475 1134 640 1209 introrsus
658 1137 897 1224 reducebant,
924 1138 1130 1236 &aggerem
1149 1165 1218 1212 cu-

259 1257 383 1325 niculis
404 1251 682 1337 subtrahebant,
714 1275 757 1320 eo
777 1248 958 1337 scientius,
983 1250 1085 1342 quod
1112 1253 1217 1345 apud
1266 1265 1272 1290 ⁸

259 1389 319 1435 eos
345 1387 492 1459 magnae
515 1360 597 1431 sunt
617 1360 793 1446 ferrariae,
836 1375 945 1452 atque
971 1385 1080 1430 omne
1101 1386 1217 1457 genus

258 1473 510 1545 cuniculorum
530 1488 661 1540 notum
678 1487 786 1561 atq-ue
805 1468 854 1538 ufi
872 1486 970 1538 atum
985 1470 1042 1539 est.
1071 1470 1216 1542 Totum

259 1599 381 1654 autem
405 1604 550 1650 murum
569 1604 614 1649 ex
629 1581 729 1648 omni
750 1596 850 1672 parte
862 1580 1018 1651 turribus
1033 1581 1216 1655 contabu-
1250 1652 1254 1670 ,

258 1695 430 1776 laverant,
442 1708 551 1782 atque
565 1690 623 1758 has
637 1687 736 1758 coriis
752 1688 960 1759 intexerent.
973 1690 1071 1762 Turn
1084 1692 1218 1765 crebris

260 1799 395 1872 diurnis
433 1792 686 1889 noslurnisque
727 1796 973 1888 eruptionibus
1002 1816 1064 1868 aut
1096 1803 1243 1898 aggeri.
1287 1874 1291 1885 ι

259 1910 380 2009 ignem
399 1908 618 1994 inferebant,
648 1922 709 1976 aut
726 1907 854 1976 milites
868 1926 1058 2001 occupatos
1072 1910 1108 1979 in
1122 1935 1215 2005 ope-
1266 1922 1272 1928 '

259 2046 298 2094 re
311 2020 564 2090 adoriebantur
572 2044 582 2103 3
611 2016 855 2088 &nostrarum
876 2020 1027 2090 turrium
1049 2019 1215 2092 altitudi-

258 2153 365 2216 nem,
391 2142 569 2221 quantum
587 2126 645 2194 has
670 2124 898 2216 quotidianus
919 2154 1021 2226 agger
1037 2131 1215 2224 expresse-

259 2255 333 2328 rat,
358 2237 544 2310 commissis
556 2235 693 2308 suarum
719 2236 869 2330 turrium
888 2240 1005 2327 malis,
1030 2241 1214 2333 adaequa-

258 2346 346 2420 bant
357 2373 367 2433 ;
386 2346 418 2418 8c
440 2363 578 2438 apertos
596 2345 779 2415 cuniculos
794 2347 1005 2439 praeussaac
1024 2369 1213 2441 praeacuta

258 2455 428 2542 materia,
451 2455 482 2524 tc
506 2455 585 2547 pice
606 2449 812 2540 fervefasla,
840 2454 872 2527 8c
896 2457 1043 2525 maximi
1067 2458 1215 2550 ponde·

259 2567 307 2638 ris
332 2566 418 2634 saxis
439 2564 689 2649 morabantur,
723 2563 986 2657 moenibusque
1012 2567 1213 2660 appropin-

199 2692 242 2770 23
262 2699 371 2767 quare
389 2673 642 2766 prohibebant.
666 2672 777 2742 Muris
799 2689 920 2743 autem
939 2677 1105 2746 omnibus
1123 2678 1213 2748 Gal-

260 2783 333 2856 licis
351 2783 436 2852 haec
454 2782 525 2851 sere
550 2781 663 2853 sorma
687 2784 745 2852 est·
769 2782 902 2853 Trabes
927 2781 1099 2872 disesiae,
1123 2811 1212 2878 per·

259 2909 392 2987 petuae
415 2893 452 2961 in
474 2892 755 2988 longitudinem,
779 2892 919 2987 paribus
939 2893 1125 2964 intervallis
1150 2897 1211 2966 di-

168 3025 172 3032 ·
259 3004 384 3073 stantes
397 3002 489 3072 inter
505 3001 538 3071 se
552 3003 655 3072 binos
667 3002 798 3095 pedes,
825 3002 862 3070 in
879 3002 953 3071 solo
967 3005 1209 3077 collocantur:

189 3103 191 3107 ’
258 3111 327 3180 hae
350 3110 594 3181 revinciuntur
617 3109 801 3195 introrsus,
831 3109 997 3180 &multo
1015 3135 1137 3207 aggere
1152 3137 1211 3182 ve·

258 3220 421 3291 stiuntur.
456 3220 503 3290 Ea
525 3230 669 3307 autem,
698 3245 790 3312 quae
817 3219 993 3306 diximus,
1024 3220 1210 3292 intervalla

233 3331 237 3336 ’
256 3329 449 3425 grandibus
470 3330 508 3398 iu
530 3329 649 3400 fronte
670 3329 753 3399 saxis
781 3328 1018 3400 efferciuntur.
1046 3331 1110 3400 His
1132 3333 1211 3401 col·
1263 3337 1264 3341 ’

256 3443 379 3512 locatis
403 3440 730 3538 sc'coagmentatis,
757 3442 842 3512 alius
870 3443 1010 3535 insuper
1033 3443 1123 3513 ordo
1146 3443 1212 3514 ad·
1305 3467 1308 3471 ·

257 3547 396 3637 iicitur,
419 3568 458 3620 ut
474 3551 571 3621 idem
590 3552 678 3620 illud
698 3553 921 3624 intervallum
944 3554 1115 3639 servetur,
1141 3577 1211 3622 ne·

255 3684 331 3751 que
345 3661 436 3730 inter
454 3661 488 3731 se
509 3661 715 3756 contingant
735 3663 871 3749 trabes,
908 3647 967 3731 sed
989 3662 1130 3756 paribus
1156 3663 1213 3735 in·

254 3768 426 3840 termissae
446 3769 586 3862 ¹spatiis,
614 3770 773 3867 'singulae
799 3771 938 3868 fingulis
958 3772 1042 3844 saxis
1062 3771 1210 3844 interie·
