2632 4426
404 338 683 418 'LIBER
730 337 915 416 vnn-1
1052 352 1168 439 ηρ]
1288 260 1292 289 Ι

167 501 405 596 fidon-etque
424 501 464 573 in
487 502 601 574 fidem
620 515 778 595 receptas
800 499 890 588 elle,
914 497 1011 571 idem
1035 497 1131 572 fece-
1233 556 1235 560 Α

161 633 261 692 runt
293 613 416 686 Caesar
437 613 612 684 militibus
634 635 702 706 pro
725 628 827 683 tanto
850 611 974 683 labore
997 635 1039 682 ac
1059 624 1169 704 :pa-4

161 724 319 811 aientia„
334 721 399 818 qui
422 722 645 796 brumalibus
673 721 822 808 diebus,
853 721 1040 794 itineribus
1060 719 1132 792 dif-

161 837 358 924 ncillimis,
390 836 578 934 frigoribus
599 835 855 920 intolerandis,
890 833 1132 906 studiosrllrme
1257 835 1263 852 ⁸

159 947 429 1044 permanserant
447 947 486 1016 in
506 947 652 1036 labore,
666 946 828 1017 ducenos
845 945 1033 1033 sestertios,
1048 968 1133 1017 cen·

163 1060 372 1134 ru'rionibus
390 1079 422 1130 n
445 1059 556 1131 millia
578 1058 773 1132 nummirrn
803 1057 953 1152 praedae
980 1059 1131 1148 nornine
1255 1114 1258 1121 J

162 1167 406 1250 condonanda
429 1168 639 1261 pollicetur3
665 1167 997 1264 legionibusquein
1012 1167 1132 1239 biber·

165 1303 212 1354 na
231 1277 395 1363 remillrs,
415 1276 488 1371 ipse
507 1275 688 1368 serecipit
709 1275 768 1346 die
789 1293 844 1344 'xa
864 1272 1033 1348 uibrans.
1072 1276 1130 1350 Ibi
1151 1319 1157 1330 ν

85 1438 94 1464 .
165 1387 328 1460 cumius
346 1387 503 1473 diceret,
528 1385 699 1483 Bituriges
712 1385 764 1455 ad
785 1410 872 1456 eum
893 1388 1024 1483 legatos
1042 1390 1130 1460 mit·

163 1515 273 1586 tunt,
297 1498 471 1569 auxilium
494 1495 651 1592 petitum
678 1512 801 1566 contra
820 1492 1015 1580 Carnutes,
1034 1518 1131 1589 quos

165 1608 322 1681 intulille
350 1609 490 1679 bellurn
513 1607 577 1678 fibi
602 1605 858 1698 querebantur.
892 1608 1042 1714 Quare
1066 1623 1131 1678 co‘-

164 1715 284 1814 gnita,
310 1739 397 1788 curn
423 1738 500 1787 non
524 1703 679 1809 am'plius
703 1731 730 1785 x
754 1714 786 1788 8c
809 1733 887 1788 vul
910 1713 984 1785 dies
1013 1713 1052 1786 in
1074 1713 1131 1784 hi·

166 1826 287 1898 bernis
314 1826 397 1899 elset
427 1822 691 1914 commoratus,
726 1825 883 1924 legiones
909 1843 984 1897 xrv
1020 1823 1060 1896 8c'
1082 1827 1130 1899 v's

102 1926 105 1935 “
165 1962 215 2010 ex
237 1938 393 2010 hibernis
416 1937 462 2007 ab
485 1935 593 2008 Arare
613 1936 758 2021 educit;
782 1960 869 2030 quas
894 1936 945 2007 ibi
972 1937 1129 2008 colloca·

164 2065 241 2135 tas,
263 2045 496 2142 explicandae
521 2047 573 2118 rei
598 2045 850 2118 frumentariae
869 2044 995 2132 causa,
1023 2045 1130 2139 iupe-

162 2157 257 2230 riore
279 2157 537 2230 commentario
559 2155 842 2228 demonstratum
865 2156 922 2226 en.
968 2156 1021 2227 Ita
1044 2180 1132 2228 cum

160 2268 305 2342 duabus
339 2269 540 2368 legionibus
571 2266 619 2339 ad
654 2262 922 2362 persequendos
953 2266 1130 2339 Carnutes

132 2383 134 2386 ’
163 2379 407 2472 proficiscitur.
443 2377 538 2449 Cum
561 2375 654 2449 fama
678 2377 851 2449 exercitus
874 2376 920 2448 ad
944 2377 1058 2447 hostes
1078 2377 1162 2477 ὣς

162 2485 217 2560 set
237 2488 397 2582 perlata,
424 2485 620 2571 calamitate
643 2483 845 2562 ceterorum
870 2480 968 2556 duell
988 2484 1152 2558 Carnu·-

163 2591 243 2687 tes,
267 2599 412 2671 delenit
435 2599 518 2671 vicis
546 2596 783 2692 oppidisque,
806 2621 900 2691 quae
917 2598 1128 2671 tolerandae

163 2706 292 2781 hiemis
306 2705 428 2792 causa,
447 2705 646 2777 constitutis
671 2726 820 2800 repente
842 2705 977 2804 exiguis
998 2705 1045 2776 ad
1064 2728 1129 2779 ne·
1152 2697 1157 2704 ’

164 2815 354 2887 celsitatem
383 2812 570 2899 aediliciis,
600 2815 828 2901 incolebant,
856 2812 1001 2913 (nuper
1028 2816 1128 2890 eninr

163 2917 295 2998 devini
324 2925 509 3016 complura
542 2924 676 3016 oppida
705 2921 957 3023 dimiserant‚)
987 2923 1128 3016 dispersi

70 3051 72 3058 '
164 3032 386 3140 profugiunt
416 3031 537 3104 Caesar
556 3051 785 3126 erumpentes
807 3056 851 3102 eo
869 3035 1024 3103 maxime
1040 3052 1129 3106 tem·

163 3169 254 3238 pore
285 3143 466 3216 acerrimas
496 3144 716 3237 tempestates
742 3168 828 3215 curn
855 3144 971 3215 subire
995 3145 1128 3221 milites

164 3255 302 3340 nollet,
324 3255 362 3324 in
387 3254 524 3348 oppido
542 3254 742 3325 Carnutum
763 3253 913 3326 Genabo
936 3255 1038 3328 castra
1056 3239 1153 3352 posv
1205 3289 1211 3298 “

133 3364 245 3450 nit,
276 3382 386 3457 atque
410 3364 449 3435 in
473 3361 563 3437 tella
593 3368 722 3459 partim
750 3365 959 3453 Gallorum,
993 3369 1126 3462 partim

156 3492 282 3569 'quae,
309 3471 474 3550 coniellis
492 3477 651 3549 celeriter
668 3476 862 3548 stmmentis
883 3480 1123 3552 tentoriorum
1200 3492 1205 3501 “

163 3581 440 3682 integendorum
460 3588 583 3685 gratia,
606 3605 705 3657 erant
726 3587 969 3675 inaedificata,
992 3589 1124 3661 milites

162 3697 338 3790 contegit:
365 3699 502 3788 equites
521 3715 641 3769 tamen
662 3699 694 3771 lc
717 3698 915 3770 auxiliarios
927 3699 1064 3793 pedites
1080 3701 1122 3773 in

100 3836 105 3840 ·
161 3826 287 3892 omnes
308 3825 430 3904 partes
454 3808 591 3900 mittit,
608 3834 852 3905 quascunque
879 3809 1002 3907 petille
1024 3811 1123 3885 dice·
1242 3821 1244 3826 ’

668 4031 673 4037 -
783 4008 787 4045 l
