2632 4426
350 297 397 367 s
472 322 920 406 sturnus*
1007 295 1112 430 ’,ιη

156 500 407 598 compiuribus
427 497 617 571 intersedis
628 550 640 586 ,
653 498 819 592 cupidius
836 497 1005 585 infecuti,
1021 505 1117 568 non·

160 616 280 687 nullos
302 638 348 683 ex
369 611 437 681 iuis
450 610 651 681 amiserunt
672 608 721 703 At
736 610 811 696 illi,
836 609 1028 680 intermisso
1041 609 1117 703 spui

159 713 240 807 tio,
265 717 554 814 imprudentibus
583 718 707 789 nostris
734 737 848 809 atque
872 718 1051 811 occupatis
1076 719 1115 791 in

160 828 363 902 munitione
387 831 593 916 castrorum,
621 830 741 901 subito
767 829 802 899 se
826 853 872 899 ex
894 829 983 900 silvis
1003 831 1118 900 eieces

157 957 246 1012 tunt
256 964 267 1026 3
288 938 504 1033 impetuque
526 938 565 1009 in
582 933 772 1023 eustatio,
801 938 865 1030 qui
883 954 982 1008 erunt
997 937 1035 1006 in
1050 937 1117 1007 fia·-

159 1048 258 1118 tiune
270 1071 338 1142 pro
353 1047 465 1119 castris
483 1045 667 1142 collocati,
696 1047 823 1117 acriter
843 1056 1114 1142 pugnaverunt:
1199 1056 1206 1063 '

160 1167 375 1258 duabusque
390 1164 493 1234 rniffis
510 1162 668 1262 subsidio·
680 1163 888 1255 cohortibus
907 1189 927 1234 s
951 1165 1116 1253 Caesare,

159 1293 271 1372 atque
289 1277 341 1346 his
360 1275 483 1369 primis
504 1275 688 1369 legionum
706 1271 883 1361 duarum,
914 1299 1000 1346 curn
1024 1277 1116 1366 hae,
1220 1312 1223 1316 ·

157 1386 355 1481 perexiguo
386 1380 577 1454 intermiiio
606 1381 676 1453 toci
703 1380 816 1474 spatio
835 1382 927 1451 inter
947 1381 1002 1469 se,
1026 1405 1116 1454 con-

154 1492 334 1578 stitiffent,
354 1515 452 1561 novo
459 1514 596 1586 genere
611 1512 754 1587 pugnae
770 1488 959 1582 perterritis
974 1490 1116 1578 nestris,

158 1602 379 1698 pervmedios
398 1600 619 1671 audaciffirne
637 1619 903 1694 proneperunt,
929 1600 1038 1692 seque
1056 1603 1114 1672 in-

137 1716 208 1784 de
229 1714 425 1784 incolumes
454 1727 675 1805 receperunt.
715 1710 768 1781 Eo
797 1710 856 1781 die
879 1711 928 1818 Q.
945 1711 1115 1783 Laberius

158 1823 301 1908 Durus,
326 1822 492 1893 tribunus
502 1822 691 1909 rnilitum,
710 1821 929 1893 interficitur.
944 1821 1023 1909 Illi,
1040 1818 1117 1915 plu·

157 1932 258 2014 ribus
286 1931 456 2003 submissis
481 1929 715 2017 cohortibus,
746 1930 980 2023 repelluntur.
1013 1929 1112 2031 Toto
1135 1924 1212 2025 16Ι

153 2040 230 2111 'hoc
249 2039 287 2110 in
303 2063 430 2136 genere
447 2063 614 2136 pugnae,
630 2062 715 2109 cum
734 2039 800 2109 sub
821 2039 931 2109 oculis
944 2040 1113 2111 omnium

159 2174 199 2222 ac
221 2175 291 2246 pro
311 2150 426 2220 cestris
442 2148 689 2236 dimicaretur,
719 2143 1024 2235 intellediunr-est‚
1043 2172 1116 2220 no·

160 2261 244 2332 stros
275 2276 424 2355 propter
457 2259 663 2356 gravitatem
690 2281 891 2346 armorum,
917 2258 1023 2350 quod
1048 2282 1113 2329 ne-
1166 2300 1173 2309 ·

159 2395 235 2464 que
256 2369 395 2462 insequi
422 2369 588 2440 cedentes
606 2365 761 2462 pudent,
790 2389 913 2460 neque
935 2368 982 2437 ab
1013 2368 1114 2465 signis

159 2467 339 2548 discedere
365 2475 558 2563 auderent,
586 2475 704 2544 minus
729 2491 831 2567 aptes
855 2472 921 2544 effe
942 2473 988 2544 ad
1008 2475 1114 2547 huius

151 2585 298 2680 'generis
319 2584 454 2658 hostem
470 2611 478 2652 t
506 2582 645 2676 equites
661 2597 784 2651 autem
809 2603 938 2677 magno
951 2603 1037 2673 curn
1048 2606 1114 2674 pe·

152 2696 278 2765 riculo
293 2695 479 2781 dimicare,
499 2712 687 2788 propterea
701 2692 805 2787 quod
824 2693 875 2765 illi
896 2696 1002 2766 etiam
1025 2718 1115 2767 conv·

158 2805 252 2873 fuito
271 2804 488 2895 plerumque
508 2803 695 2889 cederent,
728 2802 760 2877 8c
781 2827 865 2873 cum
879 2806 1042 2895 paullum
1064 2806 1112 2877 ab

161 2913 363 3008 legionibus
387 2916 519 2987 nostros
540 2913 785 3001 removissent,
812 2942 857 2988 ex
876 2917 995 2989 effedis
1024 2919 1114 2990 defi·
1139 2929 1145 2936 ’
1261 2960 1266 2973 x

159 3023 290 3109 lirent,
314 3022 512 3116 &pedibus
537 3024 663 3116 dispari
682 3026 820 3117 proelio
840 3029 1111 3098 contenderent.

152 3131 338 3226 ‘Equestris
356 3149 476 3202 autern
489 3131 615 3226 pruelii
628 3132 719 3205 ratio
734 3133 767 3204 8<
785 3133 995 3205 cedentibus
1009 3134 1041 3207 8c
1055 3134 1114 3205 in-

160 3241 390 3334 sequentibus
412 3267 474 3336 par
501 3261 611 3335 atque
639 3239 736 3314 idem
760 3244 960 3337 periculum
984 3243 1114 3316 insere·

161 3348 234 3422 bet.
261 3350 469 3423 Accedebat
481 3352 574 3438 huc,
595 3368 637 3423 ut
658 3377 847 3444 nunquam
868 3353 1036 3455 conferti,
1051 3353 1112 3425 sed

162 3460 229 3528 rari
250 3462 459 3558 magnisque
482 3460 672 3532 intervallis
696 3463 972 3555 proeliarentur,
995 3462 1115 3534 statio·

160 3593 298 3662 nesque
308 3570 487 3663 dispositas
505 3572 697 3658 heberent,
721 3588 829 3665 atque
844 3572 996 3642 alios-aiii
1011 3571 1116 3644 dein·-

161 3695 243 3766 ceps
262 3674 498 3767 exciperent,
522 3676 722 3772 integrique
746 3677 780 3754 8<
807 3693 963 3748 recentes
986 3678 1114 3750 defati-

159 3778 244 3886 gatis
273 3778 512 3875 succederent.
547 3787 691 3891 Postero
720 3789 781 3863 die
806 3792 934 3886 procul
960 3814 981 3861 a
1004 3790 1115 3863 castris
1133 3812 1178 3888 ¹7
