2632 4426
145 240 283 406 ζμ,
328 303 403 378 oa
438 295 637 417 nstro
674 305 956 406 carasco

160 463 388 559 pertinaciter
399 463 598 535 refisterent
612 464 788 560 'oppidani
804 517 816 553 ,
835 463 885 554 8c,
901 466 980 536 ¹iam
991 467 1147 562 ‘magna
1169 544 1178 563 ,-

159 588 262 667 parte
275 572 421 645 suorum
437 573 492 645 srti
512 572 694 662 amissa,
686 598 724 644 rn
740 568 917 647 sententia
936 597 1128 673 permane·
1142 564 1145 573 ⁶

123 696 127 703 '
158 699 261 768 rent3
302 684 346 754 ad
365 685 587 778 postremum
610 685 782 783 cuniculis
806 710 919 758 venae
935 683 1077 757 fontia
1068 705 1126 754 1n-
1143 747 1146 751 .

136 846 141 865 .
158 793 300 890 teruisse
324 794 407 865 sunt
420 808 531 888 atque
544 770 690 864 aversae.
731 797 820 901 Quo
832 774 926 866 sado
941 789 1128 865 exhaustus

159 896 310 1003 repent-e
333 903 497 997 perennis
513 903 653 974 exaruit
673 902 773 993 sons,
794 921 1008 997 tantamque
1028 919 1126 974 attu-

68 1030 71 1034 ’
118 1009 203 1083 ..lit
222 1009 409 1103 oppidanis
437 1011 554 1082 salutis
580 1011 887 1104 desperationem,
915 1029 958 1084 ut
981 1010 1019 1080 id
1048 1035 1127 1084 non

113 1102 126 1115 ⁵
159 1117 356 1189 homiuum
385 1121 552 1213 consrlio,
583 1121 645 1192 sed
675 1122 840 1193 Deorum
861 1124 1051 1193 voluntate
1073 1119 1127 1193 fa-

159 1225 259 1300 ssum
293 1249 472 1326 putarent.
507 1232 658 1353 Itaque,
693 1213 892 1344 necessitate
916 1227 1051 1319 consti,
1088 1230 1138 1304 se.

96 1351 147 1422 44
161 1328 439 1425 transdiderdnt
465 1344 657 1433 Caesar,
632 1370 718 1417 curn
744 1346 841 1416 suam
858 1338 1042 1415 lenitatem
1061 1366 1126 1414 co-

107 1454 296 1553 'gnitam
330 1456 499 1526 omnibns
533 1455 657 1542 sciret,
693 1479 815 1547 neque
844 1470 1041 1540 vereretur,
1077 1475 1127 1524 ne

161 1564 253 1658 quid
281 1565 491 1636 erudelitate
512 1580 661 1668 naturae
686 1560 886 1635 videretur
897 1563 1048 1657 asperius
1071 1561 1126 1633 fe·

160 1673 263 1760 cisse,
292 1700 411 1768 neque
432 1674 572 1748 exitum
593 1675 822 1746 consiliorum
840 1676 989 1746 suorum
1006 1672 1124 1742 anim

159 1764 285 1875 advett
272 1801 386 1871 t‚eret
409 1786 510 1855 fitali
524 1785 660 1856 ratione
676 1783 845 1855 diversrs
836 1806 875 1853 tn
896 1782 983 1852 locis
1002 1783 1124 1873 plures
1151 1878 1154 1887 Ι

160 1880 332 1972 rebellare
353 1898 495 1967 confilia
518 1896 658 1968 inissent
670 1892 870 1992 ,exemplo
884 1892 1049 1988 supplicii
1062 1891 1124 1960 de·

160 1994 345 2096 tenendos
367 2008 524 2100 reliquos
543 2007 764 2103 existimavit.
788 2000 1125 2098 Itaqueomnibus,
1205 2035 1208 2041 -

159 2114 226 2208 qui
239 2139 333 2185 arma
352 2117 533 2202 tulerant,
553 2139 680 2205 manus
699 2112 891 2209 praecidit3
914 2110 1025 2182 vitam
1038 2133 1137 2181 con·.

46 2279 51 2295 ,
162 2227 272 2312 cessit,
307 2252 383 2319 quo
406 2225 678 2297 testatioreffet
709 2251 827 2320 poena
855 2221 1126 2318 improborum.

160 2334 346 2428 Drappes,
371 2359 483 2428 quem
506 2353 653 2430 captum
681 2335 747 2406 esse
769 2361 789 2406 a
812 2335 964 2408 Caninio
988 2333 1130 2423 docui,

160 2445 232 2517 sive
256 2445 502 2544 indignatione
522 2438 564 2518 sb
580 2445 704 2518 dolore
717 2433 972 2533 'vinculorum
997 2447 1067 2516 five
1081 2446 1135 2514 ti·.

161 2581 265 2630 more
285 2558 448 2654 gravioris
466 2557 649 2651 supplicii,
675 2548 941 2660 paucis'diebus
955 2558 1024 2628 sese
1039 2556 1123 2627 cibo
1167 2550 1170 2555 ⁴

161 2666 354 2752 abstinuit,
372 2662 482 2758 atque
496 2669 544 2736 ita
557 2667 699 2739 interiit.
723 2667 862 2739 Eodem
876 2687 1039 2762 tempore
1053 2667 1126 2737 Ln-

110 2822 116 2873 ς
160 2772 311 2862 sterius,
337 2798 448 2868 quem
461 2774 651 2874 profugisse
666 2802 711 2848 ex
726 2779 864 2870 proelio
880 2778 1013 2872 scripsr,
1037 2802 1131 2874 cumb

160 2885 199 2957 in
220 2886 431 2982 potestatem
454 2886 601 2959 venisset
622 2887 804 2982 Epasnasii
825 2889 996 2978 Arverni,
1024 2893 1127 2983 <cre·¹

159 2993 230 3066 bro
255 2994 353 3065 euim
387 2997 571 3068 mutandis
601 2997 710 3085 locis,¹
747 2999 946 3092 multorum
976 3000 1061 3070 fidei
1090 2998 1127 3069 se

162 3103 432 3192 committebat,
460 3105 563 3198 quod
585 3130 765 3200 nusquam
786 3106 921 3179 diutius
942 3110 1013 3180 fine
1030 3110 1127 3204 peri·
1128 3200 1130 3205 y

160 3215 245 3284 culo
277 3228 562 3303 commoraturus
590 3215 805 3304 videbatur,
835 3239 919 3288 cum
949 3218 1012 3305 srbi
1037 3243 1132 3290 con··

162 3302 251 3405 scius
274 3322 376 3410 esset,
405 3349 516 3416 quam
542 3324 729 3397 inimicum
765 3324 912 3397 deberet
942 3328 1125 3400 Caesarem

160 3431 344 3531 babere,)
380 3435 478 3505 hunc
509 3432 718 3528 Epasuasius
741 3435 941 3525 Arvernus,
967 3440 1132 3511 amiciffi··

160 3567 241 3612 mus
256 3545 384 3637 popuii
407 3545 580 3632 Romani,
609 3549 697 3620 fine
710 3547 938 3620 dubitatione
962 3550 1083 3620 ulla
1049 3575 1129 3621 vm·
1213 3537 1215 3541 ’

95 3667 141 3750 45
162 3647 259 3725 sium
279 3655 324 3722 ad
343 3654 523 3730 Caesarem
545 3655 706 3727 deduxit.
733 3656 939 3729 Labienus
931 3658 1072 3728 mterim
1086 3661 1126 3730 in

162 3760 315 3857 Treviris
328 3767 488 3859 equestre
499 3749 678 3861 proelium
694 3767 894 3841 secundum
911 3768 1010 3860 facit,
1000 3793 1129 3893 ,com-A
