2632 4426
260 281 650 403 -‘nrc.1nrro
684 320 945 416 caesare,
996 332 1121 396 mm
1205 299 1208 305 ’

153 475 333 575 Augustus
344 477 438 570 Imp.
461 498 536 544 non
555 472 715 570 negavit,
731 471 763 544 lc
780 488 821 542 ut
839 470 982 559 bonnm
1001 472 1120 546 civem

155 576 188 651 ic
215 593 258 645 ut
278 574 359 644 viru
423 573 563 644 bonum
591 569 690 669 egille
713 569 901 640 Catonern.
935 569 1014 660 ljid.
1040 569 1121 642 Ma·

157 664 325 745 crobiuni
338 672 362 740 li
416 672 463 740 11.-
480 668 722 741 Saturnalium
740 691 771 736 c.
788 693 819 757 4.
843 665 931 736 Anti
942 704 953 720 ·
966 666 1121 741 Catones

158 769 307 843 Caesaris
326 769 365 839 in
385 767 606 840 Bibliotheca
628 767 782 860 quadam
804 762 990 834 Leodiensr
1008 770 1122 838 exsta·

157 890 197 941 re
207 870 259 938 lo.
275 866 366 937 Lud.
379 865 483 960 Vivi¹
512 865 695 936 affirmavit
704 863 897 933 Cardinalis
906 861 1119 934 Leodiensre

125 986 128 992 ’
206 967 303 1037 Libri
324 964 557 1061 auspiciorum,
583 985 742 1055 quorum
762 958 1026 1052 decimosexto
1047 963 1122 1032 lau·

158 1061 265 1135 datur
287 1088 307 1132 a
329 1061 515 1133 Macrobio
534 1057 650 1149 Sani,
671 1059 724 1130 16.

207 1161 414 1253 Auguralia.
441 1159 600 1232 Priscian.

167 1312 170 1317 .
207 1258 389 1331 Perimere,
421 1257 467 1329 de
493 1255 626 1348 quibua
646 1247 769 1325 auelor
795 1253 841 1326 de
866 1255 973 1340 causis
999 1278 1123 1328 cortu*

158 1373 243 1450 prae
274 1355 502 1444 eloquentiae
534 1376 609 1445 cap.
640 1373 711 1424 ar:
738 1351 897 1423 Fecerunt
923 1354 1122 1426 &carmina
1257 1338 1260 1355 ⁵

160 1452 304 1547 (Caesar
316 1475 356 1521 ac
370 1451 518 1543 Brutus)
534 1456 565 1520 o
584 1453 617 1520 in
632 1449 836 1520 bibliothecas
852 1451 1045 1525 retulerunt,
1059 1477 1125 1522 norr

132 1638 135 1643 ,
161 1551 275 1620 melius
299 1575 394 1644 fuam
413 1549 548 1623 Cicero,
578 1565 614 1616 ar
635 1547 793 1645 felicius.
821 1550 897 1642 quio
919 1548 992 1616 illos
1008 1547 1125 1644 seciffe
1176 1576 1184 1594 .

158 1650 329 1746 pauciores
338 1646 463 1739 sciunt.
482 1646 539 1717 Ex
552 1644 604 1714 his
616 1657 748 1737 poema
766 1646 835 1713 Iter
847 1663 1023 1715 memorat
1037 1645 1125 1714 Sue·

163 1745 285 1835 {onius
304 1744 343 1815 in
367 1745 460 1815 lulio
488 1767 564 1836 cap.
582 1746 638 1832 50.
668 1743 700 1815 8c
724 1744 924 1835 tragoediam
946 1742 1125 1839 Oedipum.

162 1839 276 1935 ¹quarn
298 1842 448 1934 perinde
467 1856 508 1910 nt
529 1841 638 1935 leudes
653 1840 807 1910 Herculis
825 1841 871 1908 ab
886 1839 1126 1910 adolescentu·

163 1940 201 2010 lo
225 1930 370 2031 scriptas
392 1937 568 2032 publicari
594 1936 771 2034 Augustos
798 1935 923 2006 vetuit.
952 1935 1126 2010 Asconius

164 2036 203 2109 in
219 2037 316 2106 Orat„
330 2062 396 2131 pro
419 2035 469 2105 M.
486 2034 617 2117 Scauro
630 2033 847 2131 tragoediam
866 2033 1012 2104 Caesaris
1025 2037 1127 2106 Iulios
1180 2036 1182 2041 ’

166 2151 346 2205 memorat
372 2135 425 2204 his
446 2133 581 2204 verbis:
610 2133 700 2202 Idem
726 2135 812 2202 inter
833 2134 955 2230 primos
979 2136 1128 2230 temporis

156 2230 218 2324 sui
235 2249 377 2302 oratores
399 2235 431 2302 er
452 2235 599 2324 tragicus
616 2234 714 2328 poita
737 2229 904 2298 admodum
925 2230 1054 2300 habitus
1075 2232 1127 2324 esti

168 2327 280 2399 Huius
292 2329 377 2422 sunt
399 2332 482 2399 enim
501 2330 707 2421 tragoediae.
728 2352 808 2421 quae
833 2327 1051 2419 inscribuntur
1070 2333 1129 2400 Iu·

168 2426 216 2494 lii.
231 2423 308 2495 Alia
321 2427 427 2497 etiam
437 2425 540 2496 versu
557 2423 716 2517 l'cripsrlle
729 2424 865 2492 constat
876 2448 895 2491 e
906 2424 1010 2492 Plinii
1023 2426 1128 2511 XIX,

140 2521 205 2592 --‘8.
235 2516 434 2595 &Donato
459 2523 496 2592 in
514 2523 675 2592 Terentii
701 2521 782 2591 vita.
812 2521 1128 2616 Sed'tragoediam

168 2618 385 2692 Tecmessam
403 2623 496 2691 male
517 2620 652 2690 Caesari
671 2620 798 2689 tribuit
812 2617 1071 2711 Lel'caloperios
1083 2621 1137 2689 ad¹

170 2717 382 2791 Ciceronem
401 2719 448 2789 de
466 2735 591 2789 natura
610 2717 717 2789 Deor.
732 2742 769 2811 p·
789 2718 869 2807 624·

445 2877 632 2976 Emendatio
653 2877 846 2950 Calendarii.

175 3036 196 3061 ε·
221 3004 321 3072 Arari
333 3003 585 3073 phaenomena
595 3003 706 3072 latino
720 3001 1031 3072 carmine‘vertille
1044 3001 1132 3076 Cae·

170 3101 303 3186 sarem,
326 3101 500 3169 affirmant
522 3101 692 3170 Firmicus
713 3101 794 3168 libri
812 3099 854 3168 Il.
870 3102 1076 3194 prooemio,
1097 3105 1130 3175 lc

171 3200 234 3268 lib.
248 3197 348 3286 VIII,
362 3222 391 3267 c.
401 3221 433 3287 5.
452 3221 490 3267 ac
498 3197 624 3268 Suidas
636 3197 674 3267 in
685 3196 774 3269 Γάϊος
790 3197 919 3270 Ἰούλιος.
947 3196 1018 3271 Sed
1042 3203 1131 3272 Cae·

171 3294 280 3366 larem
300 3292 511 3368 rimatorem
523 3319 607 3367 curn
619 3297 761 3383 Caesare
782 3300 1025 3372 confuderunt
1041 3301 1131 3370 Ger·

172 3393 324 3468 manico.
349 3391 542 3463 Priscianus
565 3416 716 3486 quoque
739 3396 919 3469 Caesarem
946 3396 1068 3468 laudat
1091 3396 1129 3462 in

172 3488 302 3561 Arateo
320 3491 498 3574 carmine.;
525 3490 584 3560 sed
604 3495 737 3580 versus,
767 3521 858 3588 qnos
885 3498 972 3565 inde
993 3495 1135 3586 prodw·

172 3589 243 3676 cit,
266 3588 467 3659 Germanici
487 3588 579 3657 sunt.
606 3590 652 3659 At
677 3593 866 3687 defiderum
880 3612 967 3662 motu
988 3591 1096 3660 libros
1113 3601 1130 3638 ²

217 3741 230 3782 1
243 3722 430 3786 VideVivem
436 3722 471 3783 ad
480 3722 528 3785 lib.
536 3722 558 3784 l.
567 3722 626 3785 Au·
687 3739 704 3778 s
723 3724 876 3789 2Caesaris
888 3726 967 3785 libros
980 3726 1010 3784 de
1019 3725 1130 3802 fidenam

173 3803 270 3886 gerilini
285 3806 320 3865 de
329 3806 398 3867 civ.
412 3805 469 3866 Dei
481 3825 541 3887 cap.
556 3826 604 3887 23.
681 3826 771 3883 motu,
791 3828 862 3890 quos
877 3807 1008 3889 Sofigeoe
1023 3807 1136 3872 adiribi«

245 3887 309 3958 lul.
327 3887 416 3980 Caes·
444 3888 509 3958 Vol.
521 3893 551 3960 1.
917 3915 938 3962 c
