2632 4426
182 321 256 403 ιω·
370 314 442 388 nr
480 312 666 399 serto
704 311 960 420 eunuco

183 446 380 564 viderunt,
402 475 527 564 veriti,
556 502 604 548 ne
622 477 773 549 omnino
789 477 865 571 spes
884 478 987 575 fugae
1001 479 1148 550 tollere·
1184 467 1186 470 Δ
1223 501 1228 510 ·

184 608 267 676 tur,
295 583 437 659 abiesiis
461 588 581 673 armis,
603 590 742 658 ultimas
768 588 897 683 oppidi
921 604 1035 682 partes
1055 613 1148 661 con-

184 700 316 772 tinenti
342 700 494 790 impetu.
508 698 732 790 petiveruntr
764 722 918 792 parsque
947 697 1021 784 ibi,
1058 722 1145 770 curn

111 867 112 871 ,
184 810 333 909 angusto
354 811 539 904 'portarum
552 809 651 878 exitu
672 810 707 878 se
719 810 783 902 ipsr
800 826 1022 902 premerent,
1039 811 1145 880 ami-

183 922 329 1004 litibus3
350 942 452 1011 pars,
479 919 551 988 iarn
581 918 706 1014 egressa
730 921 856 1012 p'ortis,
886 922 932 992 ab
960 923 1146 1015 equitibus

184 1033 236 1106 est
261 1023 463 1098 intersesia:
494 1051 561 1098 nec
582 1028 650 1100 suit
666 1030 878 1121 quisquam,
903 1033 967 1123 qui
989 1034 1145 1125 praedae

185 1136 351 1212 studeret.
373 1135 431 1206 Sic
452 1136 483 1206 dc
502 1134 700 1209 Genabensr
711 1140 842 1224 caede,
870 1136 1040 1213 &labore
1055 1168 1145 1236 ope-

186 1249 232 1324 ris
256 1247 408 1334 incitati,
438 1271 515 1317 non
538 1263 653 1318 aetate
676 1245 864 1337 confessis,
892 1275 967 1321 non
981 1254 1144 1324 mulieri·

185 1360 281 1451 bus,
301 1382 377 1432 non
396 1357 592 1429 infantibus
615 1375 860 1453 pepercerunt
880 1360 1072 1455 ⁵⁴‘Denique
1097 1389 1145 1435 ex

185 1469 288 1543 omni
306 1493 351 1538 eo
364 1493 541 1554 numero,
561 1471 626 1560 qui
650 1469 720 1539 fuit
735 1470 873 1541 circiter
884 1490 935 1540 xc
961 1473 1145 1560 millium,
1199 1488 1201 1492 ’

186 1582 250 1652 trix
270 1599 394 1664 Dece,
419 1578 484 1670 qui
496 1578 614 1670 primo
637 1580 793 1650 clamore
813 1581 997 1652 auditose
1015 1608 1061 1652 ex
1076 1607 1146 1675 op·

186 1691 275 1784 pido
300 1690 491 1773 eiecerant,
520 1689 718 1761 incolumes
739 1689 787 1760 ad
813 1691 1145 1789 Vercingetorigem
1238 1712 1240 1717 '

122 1835 126 1841 ·
186 1817 438 1894 pervenerunt.
466 1800 660 1903 Quosille,
677 1803 792 1871 multa
810 1802 883 1870 iam
898 1797 1021 1890 nodie,
1043 1803 1146 1873 filen-
1209 1875 1214 1880 ¹

141 2000 143 2005 .
187 1910 240 1980 tio
260 1934 305 1978 ex
322 1908 404 2005 suga
425 1909 587 2001 excepit,
611 1910 788 2003 (veritus,
810 1936 857 1983 ne
873 1918 953 2004 'qua
970 1912 1008 1981 in
1031 1913 1147 1983 castris
1188 1966 1190 1971 «

48 2110 50 2115 Ι
187 2042 234 2087 ex
253 2041 378 2087 eorum
402 2017 575 2087 concursu
601 2015 885 2090 &misericordia
901 2020 998 2116 vulgi
1015 2018 1145 2088 seditio

129 2144 131 2150 '
187 2125 387 2219 oriretur‚)
413 2142 474 2209 ut,
509 2129 635 2217 procul
659 2125 699 2196 in
719 2128 775 2198 via
801 2128 972 2222 dispositis
996 2127 1147 2198 familia·

186 2236 284 2322 ribus
308 2235 375 2305 suis
398 2226 695 2328 principibusque
727 2238 935 2323 civitatum,
966 2236 1147 2326 disparan-

187 2349 254 2420 dos
275 2346 582 2440 deducendosque
602 2348 648 2418 ad
671 2349 751 2418 suos
769 2364 932 2433 curaret,
956 2336 1048 2437 quae
1068 2346 1149 2416 cui‹·

178 2483 263 2552 ‚que
281 2457 413 2529 civitati
430 2467 507 2549 pars
529 2457 720 2528 'castrorum
744 2455 799 2527 ab'
810 2456 913 2526 initio
937 2454 1146 2526 obvenerat.

121 2576 174 2659 ‘29
189 2564 332 2638 Postero
359 2565 417 2634 die
442 2565 595 2637 concilio
616 2579 834 2649 convocato,
865 2562 1064 2634 consolatus
1085 2587 1146 2633 co·
1230 2646 1231 2650 Ἰ

190 2675 423 2763 hortatusque
456 2674 524 2759 est,
552 2671 645 2764 nese
673 2671 842 2740 admodum
864 2675 970 2742 animo
997 2673 1145 2742 demitte-

187 2799 282 2855 rent.
303 2807 378 2853 nere
393 2785 662 2881 perturbarentur
676 2766 888 2850 incommodo:
916 2806 978 2852 non
1001 2785 1158 2858 uirtute(

189 2914 288 2985 neque
310 2893 343 2958 in
367 2895 435 2960 acie
445 2890 549 2983 viciffe
573 2890 748 2963 Romanos.
767 2889 832 2982 sed
852 2894 992 2986 ortijscio
1006 2891 1144 2986 quodam

190 3000 224 3070 dr
232 2999 371 3095 scientia
389 2999 651 3096 oppugnationis,
685 3002 776 3073 cuius
792 3003 841 3070 rei
850 2997 985 3096 suerint
1008 3002 1066 3096 ipſs
1082 3003 1145 3068 im·

69 3139 76 3170 a
186 3112 311 3210 periti:
329 3131 452 3181 errare,
464 3107 503 3199 fi
522 3109 578 3202 qui
593 3109 627 3177 in
648 3109 725 3178 betto
745 3094 850 3178 omnes
860 3107 1021 3202 secundos
1035 3132 1145 3178 rerum

185 3234 360 3317 proventus
388 3216 663 3312 errspedient:fibi
682 3220 843 3312 nunquam
854 3214 1026 3313 placuiffe,
1054 3215 1145 3282 Ava-

188 3334 295 3404 ricum
317 3327 462 3426 defendi,
494 3335 584 3402 cuius
609 3333 658 3400 rei
688 3331 778 3423 tester
804 3327 885 3425 ipſsrs
909 3327 1058 3401 haberctr
1081 3325 1148 3418 sed
1202 3413 1204 3420 Ι

58 3499 62 3506 .
147 3461 150 3464 ’
182 3440 319 3540 fastum
339 3440 553 3535 imprudentia
572 3439 780 3530 Biturigum.
806 3439 958 3506 animia
977 3437 1145 3531 obsequen·
1173 3480 1176 3487 ,

185 3553 241 3620 -tia
271 3547 484 3641 reliquorum,
513 3551 563 3618 uti
584 3549 641 3617 lzoc
665 3545 895 3617 incommodum
924 3548 1144 3642 accipereturr

189 3658 228 3746 id
240 3656 388 3748 tamense
403 3657 548 3727 celeriter
563 3657 733 3726 nemoribus
758 3643 927 3726 commodis
935 3654 1147 3748 sanaturum.

189 3765 379 3863 Numquae
396 3766 435 3841 ab
455 3767 586 3866 reliquis
613 3763 719 3862 Gallis
750 3767 898 3875 civitates
928 3754 1145 3865 dffnu'rmt,
