2632 4426
118 439 122 447 1
246 341 318 409 ru
429 326 502 399 na
540 264 725 400 nanno
759 325 1022 402 oanmco

241 493 455 586 ¹complures
483 502 661 599 praeterea
694 488 849 561 minores
879 486 1036 562 obiellae
1066 491 1204 564 'insulae

181 611 192 649 ·‘
250 601 512 685 existimantu13
530 597 721 691 dequibus
738 599 857 670 insulis
873 600 1042 671 nonnulli
1062 599 1204 695 scripse·
1296 657 1300 661 -

246 713 359 797 runt,
389 711 462 780 dies
484 710 680 795 continuos
698 727 777 782 xxx
799 709 866 782 sub
886 711 1016 783 bruma
1040 711 1104 783 effe
1131 737 1202 785 no·

165 837 167 840 ’
202 810 206 814 A
245 817 350 893 slem.
370 822 445 892 Nos
461 821 550 891 nihil
573 821 621 890 de
639 840 683 891 eo
704 821 1035 914 percontationibus
1050 821 1200 918 repe-rie

240 927 393 1015 hamus,
422 928 487 1001 nisr
504 928 615 1000 tertis
641 953 686 999 ex
712 953 804 1021 aqua
822 930 993 1001 mensuris
1023 930 1202 1003 breviores

248 1039 339 1128 esse,
366 1063 488 1133 quam·
506 1038 544 1107 in
576 1038 802 1126 continenti,
826 1033 947 1110 nolles
973 1039 1197 1113 videbamus.

239 1149 424 1223 'Huiueesl
436 1143 626 1246 ldngitudo
646 1149 776 1234 lateris,
800 1163 842 1219 ut
861 1147 929 1218 sert
948 1147 1093 1221 illorum
1118 1150 1199 1244 opi-

242 1260 333 1349 nio,
351 1277 425 1331 uec
443 1260 597 1330 millium
621 1256 793 1352 passuum.
814 1258 980 1329 Tertium
1003 1260 1051 1355 est
1066 1277 1200 1348 eontra

239 1371 529 1465 septemtriones,
552 1369 609 1439 eui
629 1369 722 1463 parti
742 1369 842 1439 nulla
854 1369 906 1439 est
931 1365 1068 1451 obiella
1090 1387 1197 1464 terra3

237 1479 305 1551 'sed
326 1480 400 1551 eius
422 1483 572 1578 angulus
586 1482 708 1552 ¹latetis
729 1482 883 1552 maxime
898 1472 947 1551 ad
969 1481 1197 1555 Germaniam

237 1585 394 1682 ‘spedatz
417 1590 501 1660 huic
514 1590 625 1662 millia
652 1589 813 1684 palsuum
831 1589 978 1666 nccein
999 1592 1198 1688 longitudi-

242 1727 328 1774 nem
351 1702 417 1774 elle
429 1700 655 1773 existimatur.
678 1702 733 1772 lta
747 1701 862 1773 omnis
879 1701 990 1773 insula
1011 1704 1060 1774 esl
1083 1705 1121 1773 in
1136 1704 1198 1775 cir·

103 1869 109 1878 .
184 1837 227 1908 ¹4
243 1816 343 1886 cuitu
373 1812 479 1883 vicies
503 1811 827 1882 cennrmmillium
850 1810 1021 1905 passuum.
1070 1812 1123 1885 Ex
1143 1815 1197 1886 hia

245 1921 416 1993 omnibus
437 1924 543 2019 longe
563 1921 646 1991 sunt
664 1920 926 2007 humanissimi,
942 1922 1008 2015 qui
1025 1919 1196 1995 Cantium

206 2086 208 2091 .
242 2035 430 2120 incolunt,
460 2033 672 2128 quaeregio
697 2033 744 2102 esl
770 2032 944 2103 maritima
965 2034 1104 2120 omnir3
1130 2058 1194 2106 ne·

242 2169 317 2239 que
336 2145 495 2213 multum
521 2165 541 2210 a
570 2141 701 2210 Gallica
728 2138 896 2210 differunt
919 2141 1197 2215 consuetudine.
1277 2165 1281 2175 ·

241 2254 428 2327 Interiores
440 2251 605 2345 plerique
624 2248 804 2354 frumenta
825 2273 900 2321 non
914 2251 1051 2339 ferunt,
1073 2253 1133 2323 sed
1146 2255 1196 2326 la·
1222 2282 1225 2293 ’

199 2445 201 2448 ,
242 2361 298 2437 dle
310 2364 342 2436 8c
354 2387 457 2435 carne
470 2363 597 2433 vivunt
606 2363 860 2458 ,pellibusque
874 2361 955 2434 sunt
965 2364 1086 2434 vestiti
1100 2365 1192 2435 Orn-

132 2489 138 2496 “
241 2499 306 2549 nee
325 2497 413 2545 vero
429 2472 464 2543 se
491 2471 650 2544 Britanni
668 2475 759 2544 vitro
781 2472 969 2562 inliciunt,
994 2473 1097 2566 quod
1118 2496 1194 2544 cae·

207 2651 209 2655 ,
241 2588 385 2657 ruleum
408 2585 513 2655 efficit
542 2583 723 2669 colorem3
761 2601 871 2677 atque
899 2585 973 2655 hoc
992 2583 1192 2656 horridiore

188 2772 189 2777 ἵ
231 2694 327 2764 'funt
350 2691 531 2788 inpugna
556 2686 741 2787 adspesiu:
769 2691 973 2785 capilloque
997 2692 1080 2764 sunt
1104 2716 1193 2785 pro-

242 2802 364 2891 misso,
387 2819 496 2895 atque
521 2805 620 2874 ornni
640 2820 740 2898 parte
760 2805 924 2898 corporis¹
937 2804 1028 2890 rasa,
1054 2820 1193 2897 praeter

133 2932 136 2938 '
185 2979 188 2983 .
242 2927 352 3004 caput
371 2911 404 2984 8(
425 2912 563 2983 labrum
587 2913 756 3009 superius.
797 2912 931 3001 [latores
949 2912 1083 2983 habent
1107 2913 1193 2983 deni

244 3021 481 3115 duodenique
502 3022 594 3094 inter
611 3023 645 3093 se
656 3044 885 3109 communes,
908 3021 1107 3095 &maxime
1123 3021 1193 3091 sra-

242 3150 311 3202 tres
330 3157 414 3204 cum
430 3132 611 3220 fratribus,
628 3152 865 3227 parentesque
877 3156 961 3202 eum
976 3132 1113 3216 liberis3
1128 3120 1189 3201 sed

221 3245 273 3338 “fi
285 3243 349 3337 qui
370 3240 452 3312 sunt
464 3267 510 3312 ex
532 3243 583 3312 his
606 3241 698 3328 nati,
721 3236 847 3312 eurum
869 3241 1046 3312 habentur
1065 3240 1189 3328 liberi,

183 3376 321 3456 15'quo
343 3349 504 3444 primum
522 3351 623 3447 virgo
642 3373 809 3443 quaeque
830 3343 982 3419 dedusla
996 3348 1053 3416 eh.
1077 3344 1191 3439 Equi-

243 3481 296 3534 tes
311 3460 463 3532 hostium
477 3461 703 3552 essedariique
715 3460 836 3532 acriter
848 3458 987 3554 proelio
995 3481 1078 3530 cum
1094 3460 1191 3551 equi·

235 3589 320 3642 tatu
341 3570 461 3642 nostro
487 3571 525 3640 in
553 3571 678 3640 itinere
703 3568 965 3653 conflixerunt,
987 3583 1121 3636 tamen
1146 3583 1189 3638 ut

230 3681 352 3753 nostri
369 3678 538 3752 omnibus
556 3677 714 3771 partibus
741 3678 936 3772 superiores
956 3675 1111 3762 suennt,
1135 3695 1190 3746 at·-

169 3840 179 3889 ·.
224 3805 316 3885 que
342 3814 401 3864 eos
428 3789 585 3863 intutas
609 3788 1075 3884 collesque‘eompulerint:
1103 3784 1188 3883 sed,
