2632 4426
427 313 844 387 crannum.
929 324 950 353 ·=
1045 308 1117 386 κει·
1245 286 1249 295 “

156 474 221 574 ipsr
235 475 501 550 constituissent.
520 473 576 547 Fit
591 475 723 581 deinde
737 475 771 548 S.
786 476 825 548 C.
843 492 885 548 ut
903 474 949 547 ad
970 477 1115 553 bellum
1130 491 1177 571 54
1224 474 1236 493 '

155 586 362 662 Parthicum
387 587 481 684 legio
501 605 572 658 una
601 613 622 658 a
643 588 709 658 Cn.
738 589 942 681 Pompeio,
969 591 1076 662 altera
1094 616 1116 660 a

159 699 202 770 C.
217 698 359 768 Caesare
376 696 620 767 mitterentur:
643 718 766 790 neque
780 697 930 770 obscure
944 700 1007 771 hae
1023 700 1116 771 duae

158 812 316 907 legiones
336 811 398 880 uni
410 807 545 880 Caesari
560 807 808 911 detrahuntur.
823 808 918 879 Nam
933 807 999 880 Cn.
1013 813 1118 884 Pont-
1196 854 1199 858 ⁴

99 1008 104 1015 Ι
158 921 261 1015 peius
281 918 459 1014 legionem
478 916 642 1010 primam,
664 937 776 1008 quarn
792 918 837 986 ad
856 917 1034 989 Gaesarem
1047 917 1119 989 ml·

159 1024 269 1113 serat,
286 1021 484 1098 confestam
505 1050 551 1096 ex
573 1022 705 1096 diresin
727 1026 932 1118 provinciae
946 1025 1118 1114 Caesaris,

160 1162 239 1208 eam
257 1153 430 1226 tanquam
454 1153 499 1203 ex
522 1131 584 1201 suo
609 1152 764 1204 numero
786 1132 897 1227 dedit.
926 1133 1045 1205 Caesar
1066 1148 1121 1204 ta·

159 1273 273 1335 men,
296 1268 382 1319 cum
408 1246 453 1316 de
468 1246 656 1318 voluntate
677 1245 955 1327 adversariorum
971 1247 1120 1317 suorum

161 1361 197 1430 se
219 1357 403 1452 exspoliari
428 1356 565 1425 nemini
594 1354 750 1425 dubium
777 1355 883 1444 ellet,
917 1357 983 1428 Gn.
1009 1357 1141 1437 Pom·¹

162 1471 248 1565 peio
259 1469 436 1566 legionem
456 1464 607 1554 remisit,
627 1460 737 1538 &luo
751 1467 900 1538 nomine
911 1481 990 1556 xv„
1007 1492 1120 1561 quam

163 1581 202 1651 in
218 1580 330 1650 Gallia
351 1578 511 1649 citeriore
527 1576 718 1666 habuerat,
735 1599 780 1650 ex
793 1577 827 1649 S.
847 1574 886 1649 C.
900 1579 1003 1650 iubet
1014 1597 1120 1651 trans·

165 1689 211 1758 di.
236 1686 278 1759 In
302 1690 376 1760 eius
395 1691 517 1759 locum
536 1702 609 1758 xm
630 1690 808 1788 legionem
830 1691 868 1762 in
888 1689 1024 1763 ltaliam
1038 1691 1122 1762 mit·

163 1801 231 1885 tit,
267 1820 359 1892 quae
384 1797 550 1890 praefidia
576 1816 737 1886 tueatur,
771 1800 971 1893 exquibus
1000 1800 1126 1896 praesr-

166 1909 231 1978 diis
254 1929 311 1980 xv
341 1907 598 1979 deducebatur.
630 1909 708 2002 Ipse
738 1911 908 1980 exercitui
944 1910 1124 1983 distribuit

164 2018 335 2091 hiberna:
368 2018 409 2088 C.
422 2014 648 2090 Trebonium
678 2045 762 2092 cum
788 2021 990 2118 legionibus
1010 2040 1054 2093 1v
1084 2020 1124 2091 in

165 2127 288 2226 Belgio
306 2129 476 2213 collocat3
502 2128 540 2198 C.
559 2127 710 2198 Fabium
726 2154 811 2221 cum
830 2129 984 2200 totidem
1001 2131 1039 2199 in
1060 2127 1126 2200 Ae·

167 2240 257 2310 duos
278 2238 437 2310 deducit.
464 2237 520 2308 Sic
534 2239 632 2308 enim
651 2239 891 2327 existimabat,
915 2240 1123 2313 tutiffirnam

168 2354 246 2423 fore
267 2349 436 2438 Galliam,
462 2352 486 2421 fi
513 2350 661 2450 Belgae,
692 2374 850 2446 quorum
876 2353 1032 2424 maxima
1056 2353 1127 2424 vir*

167 2477 246 2546 tus,
268 2458 300 2531 8c
320 2456 460 2545 Aedui,
481 2484 639 2551 quorum
654 2456 841 2532 auctoritas
857 2459 996 2530 summa
1018 2458 1125 2548 esset,

168 2569 381 2642 exercitibus
403 2569 685 2663 continerentur.
721 2571 798 2664 Ipse
821 2572 858 2642 in
878 2570 1015 2641 Italiam
1038 2594 1127 2664 pro·

65 2700 68 2707 ·
169 2675 280 2751 festus
307 2680 364 2750 est.
393 2681 480 2784 Quo
504 2706 596 2755 cum
619 2679 782 2769 venisset,
806 2681 986 2779 cognoscit
998 2704 1063 2775 per
1087 2680 1125 2752 G
1142 2685 1185 2766 55

171 2790 383 2862 Marcellum
397 2790 601 2878 consulem,
616 2794 772 2890 legiones
787 2790 887 2879 duas,
904 2793 948 2864 ab
962 2793 997 2864 se
1008 2793 1128 2864 remis·

169 2900 238 2986 sas,
269 2923 362 2990 quae
388 2924 435 2969 ex
457 2898 488 2969 S.
512 2901 549 2970 C
578 2901 751 2973 deberent
771 2902 815 2971 ad
832 2904 1035 2973 Parthicum
1051 2904 1130 2974 bel·

170 3013 250 3082 lum
271 3011 370 3096 duci,
387 3009 450 3079 Cn.
466 3009 640 3103 Pompeio
662 3009 864 3100 transditaa,
883 3028 994 3104 atque
1008 3015 1045 3081 in
1060 3015 1130 3086 lta-

171 3122 217 3191 lia
242 3137 394 3191 retentas
421 3115 494 3188 elle.
524 3119 606 3189 Hoc
637 3114 753 3207 sablo,
785 3143 1009 3214 quamquam
1038 3121 1130 3193 nulli

59 3297 63 3302 .
169 3251 242 3306 erat
275 3233 452 3318 dubium,
478 3229 654 3324 quidnam
679 3249 801 3303 contra
826 3232 1006 3304 Caesarem
1030 3261 1133 3329 para·

172 3362 293 3428 retur,
316 3362 434 3411 tamen
456 3341 577 3411 Caesar
594 3341 716 3411 omnia
735 3341 903 3434 patienda
917 3342 982 3413 elle
994 3344 1132 3434 statuit,

174 3452 294 3544 quoad
308 3453 369 3522 fibi
392 3452 466 3545 spes
484 3451 601 3541 aliqua
616 3450 890 3541 relinqueretur,
924 3448 1000 3522 inre
1013 3452 1133 3544 potiur

175 3562 416 3659 disceptandi,
429 3586 540 3654 quam
551 3560 636 3631 belli
649 3559 810 3655 gerundi.
833 3560 1033 3649 Contendit
1047 3562 1124 3607 Μ*

218 3837 283 3951 Iul·
300 3877 388 3969 Caes.
407 3879 471 3951 Vol.
486 3880 515 3949 I
903 3881 938 3952 T
