2632 4426
409 337 646 417 LIBER
691 339 840 458 ἫΙ.Δ
1004 357 1128 465 πῃ

116 503 230 581 'castris
250 501 392 604 egrelli,
424 505 471 577 ad
499 506 707 601 campestres
735 505 954 580 munitiones
976 531 1082 584 acce«

116 616 228 689 dunt·
247 613 376 687 Subito
395 616 550 686 clamore
569 615 732 703 sublato,
763 639 836 708 qua
853 616 1077 714 significatio·
1143 631 1148 637 ’

116 752 186 817 ne,
208 725 274 821 qui
292 725 330 796 in
348 724 488 821 oppido
505 725 780 814 obsidebantur,
802 725 923 797 deluo
940 727 1076 801 adven·
1119 719 1121 727 ¹

115 853 157 910 tu
171 837 381 935 cognoscere
394 834 556 929 pollent,
583 824 692 908 crates
707 836 903 931 proiicere,
928 835 1079 929 fundis,
1131 917 1132 921 ,

114 947 263 1045 sagittis,
294 945 470 1040 lapidibus
490 947 629 1017 nostros
654 945 701 1017 de
728 947 822 1017 vallo
856 944 1074 1038 deturbare,
1104 976 1107 994 ’

18 1047 21 1051 ’
113 1059 350 1150 reliquaque,
368 1080 461 1148 quae
473 1055 521 1124 ad
549 1056 857 1152 oppugnationem
870 1057 1076 1150 pertinent,

112 1169 363 1242 administrare.
383 1166 522 1239 Eodem
546 1182 730 1261 ternpore,
757 1170 912 1257 clamore
926 1172 1075 1244 exaudi
1183 1254 1184 1258 Ἰ

113 1253 178 1370 to,
209 1281 270 1352 dat
292 1281 380 1350 tuba
400 1279 537 1375 srgnum
565 1277 633 1348 suis
649 1277 938 1376 Vercingetorix,
962 1298 1079 1375 atque
1181 1320 1192 1363 ς

10 1458 14 1469 ,
113 1416 162 1462 ex
187 1389 324 1485 oppido
342 1389 476 1460 educit.
512 1386 654 1476 Nostri,
676 1404 718 1457 ut
739 1386 973 1482 superioribus
995 1390 1073 1461 die-

112 1501 181 1574 bus
205 1502 286 1573 suus
305 1499 439 1594 cuique
455 1516 529 1571 erat
547 1501 648 1570 locus
668 1496 855 1587 definitus,
883 1498 930 1568 ad
948 1500 1071 1587 muni7

113 1615 229 1686 tiones
241 1609 440 1683 acceduntt
471 1609 613 1697 fundis,
632 1608 824 1695 librilibus,
846 1607 1074 1702 sudibusque.

112 1747 201 1817 quas
223 1722 261 1791 in
290 1745 400 1815 opere
423 1718 685 1813 disposuerant,
720 1741 761 1788 ac
784 1717 971 1815 glandibus
988 1719 1071 1790 Gal·

112 1834 167 1904 los
186 1845 395 1924 perterrent.
423 1821 614 1922 Prospellu
627 1827 780 1897 tenebris
792 1826 958 1921 ademto,
975 1829 1069 1898 rnul-

113 1959 150 2009 ta
166 1938 350 2028 utrimque
366 1937 512 2005 vulnera
527 1934 769 2027 accipiuntur3
789 1937 974 2029 complura
995 1952 1069 2008 tor·
1186 2025 1188 2032 Ι

112 2045 241 2116 mentis
266 2047 336 2115 tela
363 2041 613 2115 coniiciuntur.
637 2039 686 2113 At
706 2039 756 2110 M.
780 2039 958 2113 Antonius
976 2040 1008 2112 lc
1025 2042 1089 2118 Cl‘
1166 2040 1168 2044 ⁴

111 2155 339 2240 Trebonius,
359 2154 489 2251 legati,
510 2153 644 2250 quibus
657 2176 717 2223 eae
733 2170 848 2246 partes
869 2153 917 2223 ad
941 2153 1074 2225 deferr·¹

111 2264 276 2337 dendum
290 2264 530 2349 obvenerant,
551 2287 623 2357 qua
639 2285 684 2333 ex
695 2278 794 2362 parte
802 2263 938 2334 nostros
950 2264 1068 2357 premi

110 2375 383 2461 intellexerant,
407 2372 448 2442 iis
463 2372 596 2443 auxilio
623 2395 669 2442 ex
682 2370 909 2443 ulterioribus
923 2373 1066 2444 castellis

112 2481 285 2558 dedullos
301 2482 569 2555 submittebant.
594 2479 696 2552 Dum
718 2481 859 2579 longius
875 2482 921 2553 ab
945 2483 1066 2555 muni·
1048 2478 1132 2564 -82
1244 2520 1250 2539 ·

110 2595 211 2666 tione
232 2595 379 2666 aberant
401 2592 520 2680 Galli,
545 2593 627 2686 plus
648 2592 882 2666 multitudine
907 2597 1065 2685 telorum

109 2704 366 2800 proficiebant:
400 2703 630 2797 posteaquam
652 2704 799 2798 propius
818 2702 1067 2795 succellerunt,

109 2831 172 2884 aut
191 2811 225 2882 se
248 2811 312 2905 ipsr
336 2814 481 2883 stimulis
504 2813 729 2907 inopinantes
752 2814 974 2903 induebant,
997 2834 1063 2890 aut
1088 2901 1093 2913 x

109 2922 149 2994 in
168 2922 308 2993 lcorbes
331 2922 463 3017 delapfi
477 2925 819 3011 transfodiebantur,
844 2944 907 2996 aut
926 2950 971 2997 ex
986 2930 1064 2999 val·
1127 2999 1129 3002 ,

46 3091 48 3095 .
108 3034 149 3105 10
173 3031 381 3104 &turribus
407 3028 582 3104 transielli
610 3033 688 3125 pilis
719 3033 913 3106 muralibus
927 3126 929 3130 ι
943 3030 1064 3108 interi·

108 3143 208 3216 bant.
235 3139 359 3212 Multis
374 3143 540 3236 undique
555 3145 761 3217 vulneribus
776 3147 945 3239 acceptis,
961 3151 1063 3223 nulla

108 3254 313 3325 munitione
326 3248 517 3346 perrupta,
536 3275 620 3324 cunr
633 3254 697 3325 lux
714 3267 916 3348 appeteret,
937 3257 1062 3348 veriti,

108 3385 157 3434 ne
173 3365 219 3434 ab
245 3367 351 3435 latere
378 3381 502 3456 aperto
525 3387 570 3433 ex
583 3362 822 3456 superioribus
844 3363 956 3436 castris
978 3390 1061 3439 eru·
1093 3355 1100 3359 ’

107 3469 235 3562 ptione
249 3471 603 3560 circumvenirentur,
625 3470 660 3542 fe
680 3471 726 3542 ad
737 3472 818 3544 suos
836 3491 1058 3567 receperunt

21 3597 26 3604 '
105 3579 185 3651 At
175 3581 375 3670 rnteriores,
409 3581 499 3652 dum
527 3606 586 3670 ea,
618 3607 710 3676 quae
728 3608 749 3654 a
768 3583 1123 3707 Vercingetorige
1127 3638 1130 3643 -
1161 3630 1165 3636 ·

108 3689 156 3760 ad
178 3692 406 3784 eruptionem
423 3710 539 3786 parata
556 3712 677 3782 erant,
694 3694 902 3788 proferunt,
924 3694 1060 3788 priores

106 3798 206 3873 solbs
230 3804 398 3898 explent,
422 3803 586 3876 diutius
578 3828 616 3877 ru
637 3804 677 3877 iis
697 3805 802 3877 rebus
813 3802 1070 3877 administren
