2632 4426
316 383 325 407 ἰ
432 332 806 432 murari?
896 359 899 363 ’
1036 347 1099 458 59*

129 512 316 595 dederunt.
345 519 437 590 Item
462 517 563 588 alia
555 542 592 587 rn
616 533 717 610 parte
739 515 891 589 diversae
913 515 1006 587 dune
1028 521 1082 590 le·

126 634 279 730 giones,
309 627 499 699 undecima
522 619 722 712 &051an
756 622 946 722 profligatis
963 624 1081 695 Vero·
1115 626 1117 630 ⁴

128 738 318 825 manduis,
340 724 557 860 quibuscum
585 750 684 803 erant
712 733 899 830 congressi,
933 757 977 802 ex
996 735 1080 804 ioco

128 845 349 942 superiore
341 870 377 913 rn
411 845 488 938 ipsis
521 842 723 913 fluminis
697 843 778 935 rrpis
798 841 1079 935 proeliabantur.

127 957 177 1028 At
201 950 282 1026 tum
307 953 391 1024 totis
422 953 493 1023 fere
515 978 535 1023 a
557 950 676 1022 fronte
698 952 731 1023 tc
757 950 802 1020 ab
826 951 953 1020 sinistra
979 965 1081 1044 parte

128 1067 270 1138 nudatis
289 1064 424 1149 castris,
448 1087 532 1134 tum
553 1063 591 1130 in
611 1062 737 1131 dextro
753 1084 865 1131 cornu
885 1061 978 1158 legio
990 1059 1080 1128 duo·

130 1174 280 1258 decima,
298 1174 329 1242 8c
349 1196 423 1241 non
443 1194 575 1264 magno
593 1170 638 1238 ab
663 1194 702 1238 ea
719 1169 904 1240 intervallo
931 1171 1078 1262 septima

113 1282 347 1369 constitisset,
372 1306 496 1353 omnes
516 1279 642 1350 Nervii
661 1277 912 1349 confertiffimo
926 1282 1085 1377 agmine,
1135 1293 1139 1298 ‘

16 1428 20 1437 ·
61 1456 63 1459 ,
129 1392 221 1463 duce
243 1391 503 1486 Boduognato,
527 1389 590 1479 qui
613 1386 787 1456 summam
812 1387 950 1479 imperii
979 1407 1081 1458 tene-

128 1497 217 1585 bat,
243 1498 289 1567 ad
324 1522 418 1566 eum
442 1490 566 1564 iocum
599 1493 864 1579 contenderunt
879 1522 896 1561 r·
922 1519 1080 1586 quorum
1117 1492 1121 1497 ’
1211 1544 1215 1552 1

127 1631 205 1700 pars
232 1621 356 1698 aperto
382 1607 490 1674 latere
515 1603 671 1700 legiones
692 1602 968 1689 circumvenire,
1002 1628 1081 1696 pars
1172 1664 1173 1667 ,

58 1701 64 1715 ’
127 1715 311 1784 summum
340 1716 462 1783 locum
484 1713 674 1784 castrorum
697 1719 819 1805 petere
847 1711 974 1805 coepit.
1008 1713 1081 1783 Eo·
1099 1709 1147 1802 24
1183 1776 1186 1782 Δ

128 1824 213 1894 dern
236 1841 398 1916 ternpore
425 1823 565 1913 equites
590 1823 717 1909 nostri,
743 1825 904 1916 levisque
924 1841 1082 1898 armatu·

126 1935 185 2002 rae
203 1930 361 2024 pedites,
377 1929 441 2020 qui
461 1953 545 1998 cunr
565 1929 604 1999 iis
626 1954 698 1999 una
718 1929 879 2016 fuerant,
903 1955 996 2023 quos
1009 1934 1105 2027 pri-1
1137 1936 1148 1941 ’”
1174 2005 1177 2011 f
1216 1918 1219 1923 ⁵

127 2044 191 2110 nro
211 2039 364 2108 hostium
386 2039 525 2130 impetu
550 2038 668 2130 pulsos
687 2038 864 2127 dixeram,
886 2065 970 2113 curn
989 2043 1080 2128 sein

128 2149 235 2223 castra
250 2148 465 2240 reciperent,
488 2146 636 2216 adverus
655 2147 812 2218 hostibus
835 2152 1080 2240 occurrebant,

128 2282 168 2327 sc
189 2257 303 2357 rursus
324 2257 426 2325 aliam
454 2255 492 2325 in
516 2273 653 2347 partem
678 2255 799 2352 fugam
826 2260 1020 2350 petebant:
1045 2264 1080 2337 8c

23 2443 27 2452 Ι
129 2368 289 2452 calones,
310 2365 374 2458 qui
398 2365 443 2434 ab
462 2363 661 2434 decumana
677 2381 780 2456 porta
800 2389 839 2435 ac
862 2366 1002 2439 summo
1023 2371 1080 2442 iu-
1144 2363 1148 2374 ’

128 2485 176 2571 gd
196 2475 294 2545 collis
318 2475 454 2544 nostros
477 2468 625 2543 videres
652 2469 791 2542 flumen
816 2474 968 2546 transiffe
990 2501 1079 2547 con-

126 2582 331 2675 spexerant,
353 2581 547 2675 praedandi
571 2582 671 2652 causa
693 2584 833 2680 egreffi,
860 2609 944 2656 cum
966 2589 1080 2681 respe-
1143 2587 1145 2592 ’

126 2693 253 2764 xiiient
267 2695 333 2782 ,8c
360 2695 472 2764 hostes
493 2694 531 2762 in
555 2683 677 2764 nostris
698 2695 810 2765 castris
829 2696 951 2768 versari
974 2700 1081 2771 vidis·
1147 2697 1149 2701 ⁸

127 2806 226 2892 sent,
251 2807 458 2898 praecipites
478 2805 583 2902 fugae
609 2804 679 2875 sese
706 2806 933 2879 mandabant.
964 2798 1086 2884 Simul¹
1147 2809 1148 2814 ’

35 2911 40 2917 ’
128 2937 278 2999 eorum,
302 2913 469 3004 quicum
490 2913 756 3007 impedimentis
774 2918 986 3019 veniebant,
1013 2923 1082 2992 cla·

126 3048 212 3096 mos
240 3022 475 3114 fremitusque
506 3021 708 3106 oriebatur'3
741 3023 874 3114 aliique
899 2973 1050 3098 aliain'
1041 3052 1080 3099 rn
1150 3016 1152 3022 ¹

126 3149 266 3231 partem
291 3132 465 3224 perterriti
491 3114 718 3208 ferebantur.
743 3132 901 3236 Quibus
909 3137 1081 3210 omnibus
1153 3139 1156 3143 ’
1242 3160 1244 3170 ’

127 3244 232 3331 rebus
260 3243 413 3338 permoti
439 3242 578 3369 equites
603 3243 766 3343 Treviri,
800 3269 957 3336 quorum
985 3251 1107 3328 inter

129 3354 247 3426 Gallus
267 3353 406 3426 virtutis
426 3354 550 3445 opinio
577 3351 625 3423 est
646 3352 842 3450 singularis,
865 3357 930 3448 qui
953 3363 1078 3432 auxilii

127 3465 226 3537 eausa
253 3491 273 3535 a
299 3465 441 3534 civitate
405 3463 559 3533 tmiffi
591 3460 635 3532 ad
668 3461 848 3534 Caesarem
880 3487 1081 3559 venerant,
1155 3479 1158 3483 ’

127 3585 211 3644 edm
233 3573 467 3644 multitudine
484 3571 639 3642 hostium
657 3573 760 3642 eastra
784 3573 897 3643 nostra
919 3581 1079 3670 comple·
1157 3579 1160 3584 ’

40 3680 42 3684 ⁴
126 3683 176 3765 ri,
199 3682 352 3778 legiones
370 3679 493 3773 premi
505 3679 544 3750 dc
562 3702 676 3772 paene
697 3681 955 3777 circumventas
976 3701 1079 3756 tene-

124 3788 175 3876 ri,
198 3789 540 3888 calones,equites,
566 3786 784 3876 funditores,
807 3787 1001 3884 Numidas,
1024 3789 1080 3867 db
1138 3799 1159 3841 5
