2632 4426
246 345 727 476 ornumornum
759 349 844 477 us.
870 348 913 424 rr
1012 368 1065 458 ,ς

101 505 212 590 nullis
226 513 336 587 Gallis
355 513 643 601 sollicitarentur,
664 512 794 607 partim
808 514 898 606 qui,
914 526 957 588 ut
970 511 1062 586 Ger·

102 649 230 697 manos
251 624 384 695 diutius
414 625 451 695 in
473 624 584 695 Gallia
614 623 741 695 versari
775 626 987 711 noluerant,
1011 624 1061 698 ita

102 732 235 829 p'opuli
254 732 407 804 Romani
429 732 625 804 exercitum
650 730 803 803 hiemare
829 749 938 824 atque
959 733 1062 812 inve⁴

52 920 56 931 ,
102 841 272 915 terascere
292 842 330 909 in
352 841 465 910 Gallia
485 839 631 912 moleste
647 838 826 925 ferebant3
848 840 975 933 partim
994 840 1061 934 qui

102 951 307 1023 mobilitate
331 948 527 1021 &levitate
551 947 661 1018 animi
686 947 787 1019 novis
811 946 968 1040 imperiis
989 947 1061 1018 ssu-

102 1060 261 1133 debant:
288 1058 334 1128 ab
357 1056 538 1129 nonnullis
556 1059 686 1145 etiam,
712 1058 814 1152 quod
844 1060 881 1129 in
907 1058 1018 1129 Gallia
1038 1081 1060 1144 a

88 1169 391 1266 potentioribus,
423 1182 533 1259 atque
549 1164 622 1254 his,
647 1168 712 1260 qui
733 1169 779 1238 ad
803 1167 1061 1254 conducendos

102 1278 266 1362 homines
287 1276 468 1346 facultates
490 1273 687 1361 habebant,
700 1276 809 1371 vulgo
830 1299 937 1372 regna
954 1299 1060 1346 occu-

101 1387 304 1482 pabantur,
338 1383 403 1476 qui
428 1384 547 1453 minus
567 1382 670 1454 facile
690 1407 767 1473 eam
788 1407 862 1454 rem
885 1384 923 1452 in
943 1385 1059 1478 impe-

102 1495 157 1566 rio
175 1493 296 1563 nostro
316 1491 486 1583 consequi
506 1489 687 1584 poterant
719 1492 763 1561 Iis
784 1491 916 1563 nuntiis
935 1492 1057 1564 literis·
1077 1517 1098 1566 2
1165 1516 1173 1595 δ’

19 1666 23 1673 .
102 1628 178 1698 que
200 1607 404 1674 commotus
424 1599 545 1670 Caesar
568 1583 655 1672 diras
682 1599 837 1696 legiones
858 1599 896 1669 in
918 1601 1058 1672 citerio-

102 1740 143 1786 re
164 1713 277 1784 Gallia
302 1737 409 1784 novas
433 1711 655 1805 conscripsit,
681 1709 821 1783 &inita
847 1711 996 1800 aestate,
1017 1713 1057 1785 in
1119 1698 1121 1703 ’

104 1825 310 1896 interiorem
328 1822 478 1892 Galliam
502 1821 567 1914 qui
591 1820 805 1908 deduceret,
833 1822 879 1926 Q.
903 1822 1056 1897 Pedium

103 1935 260 2030 legatum
277 1932 378 2002 milrt
405 1930 504 2023 lpse,
523 1954 608 2001 cum
629 1931 788 2022 primum
811 1933 933 2024 pabuli
954 1933 1057 2027 copia

105 2041 172 2114 elle
198 2043 389 2135 inciperet,
422 2042 469 2110 ad
490 2041 684 2112 exercitum
713 2042 832 2127 venit'5
860 2041 920 2112 dat
944 2067 1057 2140 nego·

105 2155 199 2225 tium
218 2150 443 2239 Senonibus,
466 2150 684 2244 reliquisque
707 2151 839 2237 Gallis,
864 2152 929 2245 qui
951 2155 1058 2224 finiti-

105 2263 157 2333 rni
176 2249 287 2359 Belgis
306 2279 428 2350 erant,
455 2262 508 2332 uti
532 2285 594 2349 ea,
621 2284 714 2353 quae
733 2261 830 2354 apud
854 2285 913 2332 eos
935 2283 1058 2360 getan·¹

105 2391 186 2458 rur,
208 2372 442 2470 cognoscant,
463 2371 571 2463 seque
595 2371 643 2441 de
666 2371 719 2440 his
742 2372 846 2442 rebus
868 2376 1057 2447 certiorem

105 2479 242 2560 faciant
275 2481 324 2551 Hi
343 2481 539 2552 constanter
553 2504 678 2549 omnes
694 2481 968 2570 nuntiaverunt,
981 2511 1057 2556 ma-

104 2611 173 2659 nus
196 2591 301 2688 cogi,
324 2591 520 2660 exercitum
542 2589 581 2659 in
605 2612 718 2660 unum
746 2591 867 2662 locum
892 2595 1055 2668 conduci.

105 2695 205 2770 Tum
226 2724 314 2770 vero
336 2697 682 2774 dubitandum.n0n
704 2699 933 2788 existimavit,
963 2706 1055 2797 quin

104 2809 151 2879 ad
174 2833 233 2879 eos
255 2808 492 2898 [duodecimo
510 2807 591 2901 die]
608 2808 894 2901 proficisceretur.
920 2813 973 2885 Re
985 2814 1058 2886 fru-

103 2916 274 2987 mentaria
296 2916 454 3008 provisa,
478 2915 581 2984 castra
602 2933 746 3004 movet,
770 2918 968 3012 diebusque
988 2927 1056 2995 cir.-

104 3024 268 3108 citerxv
297 3024 343 3093 ad
363 3024 449 3094 fines
471 3022 656 3118 Belgarum
674 3027 845 3118 pervenit.
892 3028 945 3100 Eo
969 3056 1051 3105 cum
1072 3051 1092 3124 3
1154 3109 1157 3115 ,

104 3133 155 3204 de
174 3132 365 3226 improviso
387 3132 606 3225 celeriusque
625 3136 787 3206 omnium
807 3136 978 3230 opinione
996 3167 1056 3220 ve,-

106 3240 230 3330 niffet,
262 3241 392 3329 Remi,
422 3242 487 3334 qni
512 3244 671 3336 proximi
697 3246 830 3317 Galliae
863 3273 909 3319 ex
944 3249 1056 3351 Belgis

104 3351 204 3440 sunt,
226 3351 379 3423 adeum
404 3352 557 3447 legatos,
578 3353 709 3423 iccium
727 3353 759 3426 8c
779 3354 1055 3456 Antebrogium,

104 3458 238 3552 primos
259 3461 425 3547 civitatis,
441 3458 632 3548 miserunt,
651 3461 717 3552 qui
738 3462 914 3553 dicerent,
931 3468 965 3537 se
988 3468 1057 3540 sua·
1140 3532 1141 3537 ,

106 3590 180 3658 que
202 3567 323 3638 omnia
350 3569 388 3637 in
417 3566 527 3636 fidem
557 3583 668 3660 atque
696 3571 903 3662 potestatem
928 3579 1056 3667 populi

106 3670 259 3745 Romani
283 3677 511 3768 permittere:
543 3700 663 3769 neque
684 3678 718 3747 le
742 3702 824 3749 cum
846 3679 956 3778 Belgis
978 3686 1056 3754 reli·

105 3781 187 3876 quis
210 3783 430 3874 ccnl'enlrlle,
448 3808 568 3879 neque
590 3800 714 3859 con‘tra
731 3791 911 3883 populum
926 3792 1054 3866 Roma·
