2632 4426
446 272 683 404 Linea
724 328 832 441 vn,
1040 353 1114 431 ιη

160 497 275 569 duxit.
299 495 357 566 Ibi
376 520 396 565 a
413 493 641 567 Viridomaro
661 505 772 584 atque
787 490 1029 593 Eporedorige
1039 490 1113 563 Ae·
1137 497 1197 579 54·

160 605 239 675 duis
258 604 471 698 appellatus,
492 601 616 688 discit,
638 623 723 671 cum
743 603 843 670 omni
865 598 1028 693 equitatu
1051 600 1114 671 Li·

160 714 317 785 tavicum
356 713 401 783 ad
433 709 672 795 sollicitandos
705 709 851 781 Aeduos
882 705 1111 804 prosedumt

124 867 142 919 ¹.
160 848 255 916 opus,
272 822 337 893 esse
365 823 396 895 8c
421 821 512 914 ipsos
532 820 743 914 praecedere
765 821 810 889 ad
830 819 1113 891 confirmandam

159 934 350 1003 civitatem.
381 931 451 1002 Etsi
475 931 599 1000 multis
621 929 692 998 iam
715 930 821 1001 rebus
840 928 1024 1022 petsidiam
1044 925 1115 998 Ae·

160 1038 317 1111 duorum
336 1033 553 1132 perspesiam
573 1037 876 1130 habebat‚'atque
899 1040 1031 1108 horum
1045 1038 1115 1108 die·

127 1152 128 1155 ’
159 1148 257 1221 cesso
275 1147 486 1221 admaturari
509 1143 747 1220 defedionem
769 1149 916 1221 civitatis
934 1151 1115 1222 existima·
1137 1226 1148 1249 ,ἃ

159 1260 240 1345 bat3
258 1279 386 1331 tamen
407 1259 615 1330 retinendos
636 1284 696 1331 eos
718 1283 793 1330 non
813 1260 971 1347 censuit,
985 1285 1032 1330 ne
1051 1278 1115 1334 aut

159 1367 287 1438 inferre
312 1369 476 1438 iniuriam
498 1369 781 1456 videretur,aut
803 1370 888 1439 dare
904 1370 1116 1440 timoris'ali·

158 1501 272 1569 quam
298 1479 542 1571 suspicionem.
581 1480 854 1551 Discedentibus
882 1478 936 1550 his
961 1478 1116 1551 breviter
1174 1538 1177 1560 .

159 1591 277 1662 suain
298 1590 444 1662 Aeduos
465 1589 590 1662 merita
605 1591 777 1684 exponite
802 1614 879 1686 quos
901 1594 933 1659 dr
951 1615 1046 1685 quam
1062 1591 1119 1661 stu·

160 1703 253 1771 miles
267 1698 446 1799 aecepiffit.
461 1701 632 1799 compulsos
648 1704 691 1770 in>
701 1702 826 1798 oppido.
842 1703 997 1770 multatos
1011 1706 1115 1796 agria.

162 1812 306 1880 omnibus
319 1815 439 1908 ereptis
463 1812 581 1908 copiis,
601 1811 747 1908 ‘impqfito
757 1811 941 1907 stipendio.
960 1812 1115 1906 obsidibus

151 1920 285 2018 summa
303 1944 375 1990 cum
395 1919 586 1999 contumelia
602 1922 760 1990 extortis:
786 1924 817 1988 dr
836 1944 931 2015 quam
946 1922 986 1989 ‘in
1000 1919 1116 2017 fortu·
1190 1936 1195 1958 “

143 2046 259 2103 'nam,
282 2051 435 2122 quomque
458 2029 492 2096 in
513 2027 755 2124 amplitudinem
775 2027 969 2127 deduxsset,
994 2045 1115 2100 utnon

147 2145 259 2242 filum
272 2144 305 2211 in
313 2139 613 2237 pristinumstetum
633 2139 798 2234 rediffent,
808 2139 870 2229 sed
880 2141 1019 2210 omnium
1035 2158 1115 2210 tem·

156 2275 272 2352 porum
294 2250 486 2340 dignitatem
498 2249 543 2317 <dr
556 2253 703 2339 gratiam
720 2250 905 2343 anteceffffe
920 2249 1115 2321 viderentur.

162 2363 226 2434 His
244 2358 331 2431 datis
348 2358 543 2445 mandatis,
564 2383 624 2428 eos
643 2359 688 2428 ab
708 2358 743 2428 se
760 2358 899 2428 dimifit.
925 2359 1117 2433 Noviodui·
1141 2365 1184 2450 55

160 2494 249 2541 num
271 2491 343 2542 erat
360 2469 538 2564 oppidum
559 2467 791 2556 Aeduorum,
812 2469 858 2538 ad
876 2467 966 2562 ripas
987 2469 1118 2567 Ligeris
1137 2498 1139 2512 ’

161 2601 371 2678 opportuno
382 2581 464 2650 loco
474 2579 651 2672 positum:
681 2579 753 2648 huc
770 2575 890 2647 Caesar
909 2600 1032 2648 omnes
1049 2581 1118 2652 ob·
1161 2588 1166 2595 ’
1209 2601 1212 2606 ·

160 2687 250 2758 fides
269 2687 424 2776 Galliae,
440 2688 685 2772 frumentum,
707 2688 897 2781 pecuniam
916 2689 1117 2781 publicam,

160 2801 307 2870 suorum
332 2816 441 2891 atque
469 2804 642 2872 exercitus
671 2802 1015 2894 impedimentorum
1040 2833 1117 2879 ma·

162 2930 269 3006 gnam
289 2927 428 3002 partem
449 2913 672 2981 contuierat:
700 2911 771 2981 huc
795 2935 966 3007 magnum
988 2935 1116 2987 nume·-

161 3041 245 3089 rum
269 3040 465 3109 equorum,
490 3018 595 3101 huius
616 3017 700 3086 belli
723 3019 820 3089 causa
834 3018 872 3090 in
886 3018 984 3091 Itasia
1003 3038 1115 3116 atque

161 3127 331 3221 Hispania
352 3137 556 3214 coemtum,
578 3127 725 3197 miserat.
752 3128 805 3199 Eo
826 3149 910 3200 cum
929 3130 1116 3224 Eporedo-

160 3241 216 3312 tix
243 3230 768 3330 Viridomarusque‘venissent,
793 3238 824 3310 sc
845 3240 891 3309 de
914 3241 1003 3313 statu
1028 3244 1115 3316 civiss·

160 3346 241 3414 tatis
259 3343 518 3443 cognovissent,
536 3345 735 3416 Litavicum
748 3335 906 3429 Bibrasie
921 3351 965 3420 ab
981 3349 1114 3424 Aeduis

161 3472 369 3546 receptum,
396 3455 500 3546 quod
521 3455 569 3524 est
591 3455 771 3548 oppidum
797 3456 896 3548 apud
925 3483 985 3528 eos
1003 3461 1115 3530 maxi·

109 3577 112 3581 ’
162 3585 242 3630 mae
265 3560 508 3652 ansioritatis,
527 3560 849 3638 Convisiolitanem
874 3571 1112 3667 magistratum

76 3685 79 3691 ’
161 3695 402 3768 magnamque
423 3693 561 3769 partem
576 3677 712 3748 senatus
731 3678 776 3748 ad
797 3703 882 3749 eum
900 3682 1114 3772 convenisse,

161 3784 294 3885 legatos
306 3786 360 3858 ad
375 3786 703 3893 Vercingetotigem
727 3789 774 3862 de
793 3814 881 3886 pace
906 3789 939 3863 8c
960 3792 1123 3870 amicitia·
