2632 4426
248 358 322 440 ηε
417 330 496 433 ur
528 356 722 438 emto
761 357 1032 435 catrico

186 541 235 618 70
247 520 422 620 praesidiis
438 515 664 596 tenebantur.
699 522 821 618 Opere
837 522 1022 627 instituto,
1044 519 1218 617 liteque·
1287 556 1290 558 ·

246 635 314 706 stre
335 633 515 730 proelium
528 634 567 704 in
591 657 632 706 ea
652 633 821 728 planitie,
842 657 954 727 quarn
977 632 1215 708 intermillam

246 743 400 820 collibus
421 762 469 815 111
495 744 605 814 millia
620 743 785 836 palluum
810 743 847 812 in
868 743 1137 842 longitudinem
1154 770 1216 840 pa·

247 870 341 944 tere,
361 854 465 950 supra
482 852 809 945 demonstravimus.
827 852 976 926 Summa
989 856 1026 926 vi
1042 855 1088 926 ab
1104 855 1217 926 utrie-

245 990 321 1060 que
351 964 591 1036 contenditur.
637 961 896 1038 Laborantibus
928 964 1052 1036 nostris
1086 964 1215 1038 caesar
1270 1050 1296 1062 ..

245 1074 443 1145 Germanos
455 1073 653 1161 submittit,
674 1075 905 1172 legionesque
917 1098 982 1167 pro
998 1074 1107 1145 castris
1122 1097 1213 1145 con·

246 1184 358 1256 stituit
370 1222 394 1272 ,¹
406 1196 454 1255 ne'
473 1209 545 1277 qua
562 1183 682 1256 subito
694 1185 845 1280 irruptio
865 1183 910 1255 ab
928 1184 1084 1256 hostium
1103 1183 1212 1278 pedi·-

247 1302 324 1366 tatu
340 1295 410 1365 fiat.
430 1295 605 1367 Praefidio
625 1295 812 1394 legionum
831 1294 979 1381 addito,
996 1295 1119 1365 nostris
1131 1295 1216 1363 ani-²

244 1426 325 1476 mus
346 1421 515 1501 angetur:
537 1405 672 1493 hostes,
696 1406 734 1476 in
755 1405 876 1502 fugam
900 1399 1072 1492 coniecti,
1094 1402 1128 1474 se
1142 1403 1210 1498 ipfi

244 1514 483 1586 multitudine
492 1514 718 1610 impediunt,
734 1535 844 1608 atque
854 1514 1112 1614 augustioribus
1123 1537 1212 1607 por-

244 1621 289 1692 tis
302 1617 427 1693 relidlir
450 1639 665 1694 coartantur.
694 1623 794 1694 Tum
820 1622 991 1695 Germani
1014 1624 1125 1695 acrius
1147 1647 1211 1693 ur·

129 1787 146 1812 s
245 1756 319 1831 que
330 1731 376 1801 ad
388 1733 608 1826 munitiones
627 1732 836 1826 sequuntur.
857 1734 914 1804 Fit
927 1757 1054 1832 magna
1069 1732 1208 1806 caeder.¹
1275 1761 1277 1765 ’

243 1841 445 1930 Nonnulli,
470 1837 595 1914 relictis
616 1845 737 1936 equis,
766 1841 888 1914 foilam
908 1845 1053 1915 transire
1077 1842 1110 1914 8<
1131 1868 1210 1915 ma-

245 1954 375 2024 ceriam
395 1953 642 2026 transcendere
658 1969 842 2024 conantur.
868 1953 1035 2024 Paullum
1048 1953 1211 2050 legiones

192 2104 197 2112 ·
246 2059 392 2151 Caesar,
415 2088 507 2166 quar
523 2088 590 2187 pro
610 2065 704 2135 vallo
727 2062 982 2159 constituerat,
998 2071 1208 2157 promoveri

245 2171 359 2244 iubet.
382 2173 471 2245 Non
489 2173 629 2260 minus,
649 2174 714 2266 qui
736 2175 828 2244 intra
845 2172 1066 2244 munitiones
1083 2191 1207 2263 etant,

246 2281 351 2352 Galli
358 2282 629 2377 perturbantur:
665 2282 778 2352 veniri
798 2281 845 2352 ad
868 2281 902 2352 se
918 2281 1100 2354 confestim
1127 2284 1209 2356 exi·

246 2389 446 2479 stimantes,
472 2388 519 2461 ad
550 2413 644 2460 arma
667 2385 913 2461 conclamant:
936 2393 1103 2462 nonnulli
1122 2417 1209 2487 per·
1276 2449 1280 2457 .

245 2497 359 2570 territi
372 2497 410 2568 in
426 2495 607 2591 oppidum
619 2496 834 2589 irrumpunt.
858 2496 1125 2596 Vercingetorix
1147 2502 1212 2571 iu,

247 2603 311 2675 bet
326 2619 444 2698 portas
456 2602 573 2674 claudi
586 2653 597 2689 ,
612 2627 658 2674 ne
672 2602 775 2673 castra
795 2603 989 2675 nudentur.
1012 2607 1134 2677 Multis
1147 2607 1209 2677 in·
1265 2640 1267 2644 ⁴

246 2706 421 2799 terfedlis,
442 2710 690 2804 compluribus
706 2713 807 2805 equis
822 2713 947 2805 captis,
972 2715 1208 2785 Germanile-
1280 2704 1282 2708 ¹

183 2843 229 2917 γι
249 2822 283 2894 le
301 2822 487 2916 recipiunt.
504 2821 793 2920 Vercingetorix,
810 2824 1017 2917 priusquam
1029 2824 1209 2895 munitio-

249 2956 312 3006 nes
335 2933 382 3005 ab
404 2933 572 3006 Romanis
594 2935 843 3028 perficiantur,
873 2935 1059 3006 confilium
1085 2935 1205 3028 capit,

159 3118 161 3122 ,
250 3066 400 3116 omnem
422 3043 524 3115 able
546 3043 748 3136 equitatum
770 3037 882 3113 nediu
914 3043 1103 3114 dimittere
1121 3042 1207 3124 Dis-

248 3157 462 3230 cedentibus
485 3155 651 3243 mandat,
674 3173 713 3225 ut
725 3155 826 3249 suom
848 3161 978 3254 quisque
997 3181 1105 3227 eorum
1124 3159 1207 3228 civi·

252 3287 353 3340 tatem
373 3269 486 3343 odeat,
506 3291 695 3374 omnesque,
712 3270 775 3363 qui
789 3293 850 3366 per
866 3283 1003 3339 aetutem
1025 3292 1118 3336 orma
1128 3267 1207 3364 fer·

184 3363 193 3380 '
250 3401 287 3448 re
293 3377 428 3474 prffmt
442 3375 487 3445 od
497 3375 611 3445 ellum
623 3393 763 3467 cogant
783 3378 876 3470 sua
862 3403 896 3446 m
909 3377 979 3446 illos
995 3377 1111 3444 mereto
1121 3400 1208 3467 pro-

251 3486 376 3583 ponit3
400 3486 689 3577 obtestaturque,
707 3485 834 3578 utsuoe
845 3485 968 3579 salutis
980 3485 1135 3553 rationem
1152 3484 1209 3554 la·

254 3601 374 3675 beant
403 3618 464 3668 neu
473 3597 534 3690 se
565 3597 603 3667 de
621 3600 827 3668 comnzunz'r
805 3599 952 3668 libertate
971 3597 1087 3695 optime
1105 3600 1209 3665 meri-

254 3729 346 3783 rum.
372 3711 407 3777 in
427 3709 608 3777 auciacum
630 3705 725 3797 hostib
727 3731 765 3777 us
788 3705 924 3777 dedant:
950 3703 1074 3802 quodfi
1093 3705 1208 3774 indili-

251 3819 414 3909 gentiores
429 3813 583 3913 suerint,
608 3813 716 3893 ¹,nn'lliu
744 3814 906 3887 hominum
929 3813 1050 3887 ulcera
1081 3826 1211 3884 Lxx}
