2632 4426
153 424 155 428 Α
245 337 296 412 to
426 335 497 408 nr
537 334 718 408 arrio
759 335 1020 410 onrrrco

248 491 363 566 versos
382 492 632 592 dillrpatosque
656 495 694 567 in
715 519 839 568 omnes
861 514 976 593 partes
1000 496 1122 595 fugere
1145 484 1203 570 viss

246 602 399 691 dissent,
421 604 610 698 desperatis
630 606 752 677 nostris
775 606 902 696 rebus,
931 606 1086 676 domum
1110 628 1202 679 con·

244 712 462 784 tenderunt:
489 714 670 806 Romanos
694 714 817 808 pulsos
838 715 1115 808 superatosque,
1140 738 1201 785 ca·

244 823 317 895 stris
334 823 674 918 impedimentisque
695 848 821 895 eorum
845 824 957 895 hostes
977 823 1134 917 potitor,
1156 825 1202 897 ci·

154 953 155 958 ’
185 948 228 1030 25
246 933 348 1004 vitati
366 934 670 1005 renuntiaverunt.
696 932 838 1022 Caesar,
861 933 908 1005 ab
925 933 1083 1004 decimae
1095 933 1202 1030 legio·

246 1042 301 1115 nis
324 1043 570 1114 cohortatione
593 1043 638 1113 ad
660 1043 829 1114 dextrum
852 1067 966 1114 cornu
993 1039 1202 1135 profeilus,

247 1152 314 1223 ubi
335 1151 416 1223 suos
435 1153 575 1249 urgeri,
593 1139 768 1248 signisque
784 1151 823 1222 in
844 1176 961 1222 unum
982 1153 1107 1223 locum
1124 1154 1202 1224 col&
1247 1159 1252 1202 s

230 1260 325 1332 ‚latis
348 1259 581 1333 duodecimae
603 1262 750 1359 legionis
773 1263 951 1335 confertos
978 1265 1106 1337 militer
1133 1265 1202 1338 fibi

246 1369 339 1464 ipsos
371 1369 417 1440 ad
446 1374 604 1469 pugnam
633 1371 700 1443 elle
727 1371 1018 1468 impedimento;
1054 1386 1203 1468 quartae

246 1479 401 1550 cohortis
425 1480 595 1552 omnibus
612 1481 885 1555 centurionibus
904 1485 1040 1573 occisae,
1060 1483 1200 1582 signife-

245 1609 362 1679 roque
382 1586 594 1678 interfedm
616 1589 714 1687 signo
734 1589 878 1680 amilio,
902 1592 1120 1686 reliquarum
1135 1615 1201 1663 co·

246 1697 408 1770 hortium
431 1698 600 1770 omnibus
620 1700 693 1772 fere
709 1703 977 1775 centurionibus
992 1719 1055 1774 aut
1070 1705 1201 1774 vulne·

245 1812 345 1898 ratis,
376 1828 438 1882 aut
458 1813 597 1901 occisrs,
627 1812 665 1883 in
682 1800 741 1884 ‘his
765 1812 984 1908 primopilo,
1012 1814 1052 1884 P.
1074 1811 1203 1884 Sextio

169 1980 173 2003 ,
246 1919 398 2008 Baculo,
417 1920 602 1992 fortiffimu
620 1921 719 2008 viro,
733 1923 856 1992 multis
871 1921 1109 2018 gravibusque
1121 1922 1202 1992 vul·

247 2028 393 2101 neribus
415 2025 599 2118 comedo,
623 2032 754 2103 utiam
778 2030 819 2100 fe·
833 2030 998 2102 sustinere
1018 2038 1101 2099 non.
1116 2027 1201 2121 pos-

246 2141 314 2227 set,
333 2141 490 2236 reliquos
513 2143 578 2214 elle
601 2141 791 2228 tardiores3'
810 2143 843 2215 8c
862 2144 1058 2213 nonnullos
1070 2140 1117 2210 ab
1129 2163 1201 2208 no-

247 2248 387 2319 villrmia
407 2248 559 2321 desertos
579 2248 720 2343 proelio
742 2246 932 2343 egredere,
951 2270 990 2318 ac
1015 2247 1084 2316 tela
1107 2244 1201 2316 vita·

239 2383 302 2444 ,τος
323 2358 436 2430 hostes
455 2350 616 2453 neque‘a
632 2360 749 2431 stonte
767 2383 812 2430 ex
831 2358 996 2430 inferiore
1016 2358 1098 2428 loco
1116 2355 1202 2428 rub«

246 2483 372 2539 euntes
390 2468 647 2554 intermittere,
667 2469 699 2541 8c
723 2469 769 2538 ab
789 2483 947 2560 utroque
966 2468 1083 2537 latere
1096 2465 1200 2536 insta·

244 2603 302 2663 τος
325 2577 452 2650 &rem
477 2577 543 2649 elle
564 2579 603 2647 in
622 2578 770 2674 angusto
792 2576 905 2662 vidit,
930 2598 1054 2667 neque
1074 2575 1201 2644 ‘ullum'

247 2682 547 2770 elle'suhsrdium,
566 2684 669 2775 quod
689 2682 851 2754 submitti
873 2681 1007 2777 pollet:
1033 2680 1135 2752 scuto
1150 2680 1200 2752 ab

246 2795 435 2879 nrvrnmn
451 2795 515 2864 uni
529 2776 632 2866 hine
647 2789 821 2881 retracto,
835 2796 950 2890 (quoa
967 2793 1040 2891 ipre
1056 2818 1110 2866 ω,
1127 2792 1200 2863 nne

245 2904 347 3003 leuto
362 2906 552 2999 venerat,)
568 2893 605 2975 in
619 2899 772 2999 primam
792 2894 903 2976 aciem
925 2907 1105 3000 procella,
1118 2931 1200 2977 cen·-

245 3013 538 3108 turionihusque¹
554 3016 784 3088 nominatim¹
798 3008 980 3110 appellatis
996 3066 1008 3103 ,
1032 3016 1200 3108 reliquos

245 3127 466 3198 cohortatum
473 3125 628 3232 milires,
664 3126 758 3224 signa
785 3126 913 3197 inferre
939 3125 971 3196 Β(
993 3126 1199 3218 manipulos

244 3241 363 3310 laxare
382 3234 501 3323 iullit,
522 3258 613 3327 quo
649 3233 784 3304 facilins
816 3235 937 3332 gladiis
970 3235 1024 3305 nti
1046 3231 1197 3327 pollent.

244 3347 356 3422 Cuius
380 3344 536 3418 adventu
557 3345 620 3437 spe
644 3344 739 3413 illata
762 3343 958 3441 militibus,
979 3367 1020 3414 ac
1040 3341 1198 3414 redinte⁴

243 3473 344 3558 grato
360 3456 495 3541 animo,
516 3476 600 3522 cum
615 3471 686 3544 'pro
704 3450 740 3522 se
760 3453 926 3544 quisque,
948 3453 986 3520 in
999 3446 1196 3542 conspedlu

117 3594 124 3602 ’
243 3562 479 3660 imperatoris,
498 3562 530 3634 8c
548 3562 619 3631 iam
643 3560 681 3633 in
701 3562 867 3633 extremis
885 3560 952 3632 suia
972 3559 1096 3646 rebus,
1113 3584 1197 3653 ope·

242 3703 326 3749 ram·
341 3697 469 3747 navare
491 3687 653 3765 cuperet,
674 3675 839 3765 paullum
859 3671 1014 3742 hostium
1038 3670 1197 3764 impetus

180 3789 227 3864 26
243 3787 399 3861 tardatus
418 3782 477 3856 en
511 3780 654 3873 Caesar,
675 3805 760 3856 cum
781 3779 968 3878 septimam
988 3781 1198 3883 legionem,
