2632 4426
62 248 73 290 l

276 337 344 430 sit
437 318 1049 446 =nisuruso'osrrruo
1170 294 1172 299 ’
1261 398 1267 413 ,

272 513 320 586 ss
343 500 469 600 tons,
496 491 565 606 'qur
591 509 640 582 es
664 507 730 580 rus
753 495 913 579 severim
937 504 1113 593 inest,
1149 500 1239 579 ror-

269 631 489 716 tentutque,
530 636 574 694 ut
597 622 635 692 in
656 620 728 691 lide
740 635 927 707 maneant,
946 633 1057 711 etque
1076 615 1238 699 hostiurn

271 729 452 828 impetum
462 746 592 830 magno
604 731 726 799 animo
734 727 932 800 Murtineant
956 723 1108 797 Duabus
1119 722 1281 822 Agen-

273 840 345 915 dici
359 839 560 940 legionibus
581 856 697 935 etque
714 833 982 938 impedimentis
1003 834 1113 907 totius
1128 856 1262 909 exer·

133 1013 136 1019 ,
209 975 250 1031 u
272 948 362 1024 citus
380 944 525 1036 relidlis,
550 948 597 1019 ad
621 947 726 1019 Boios
748 928 991 1040 proficiscitur
1017 941 1145 1014 Altero
1170 944 1236 1017 die

271 1077 357 1132 eum
375 1059 422 1130 'ad
436 1056 613 1166 oppidum
627 1053 813 1128 Senonum
838 1038 1163 1147 Vellaunodunum
1179 1076 1239 1126 ve·

212 1215 215 1223 ·
269 1165 392 1250 nisset,
408 1186 577 1258 nequem
589 1162 862 1258 polllehollem
877 1143 1112 1256 relinqueret,
1153 1182 1236 1256 quo

224 1342 227 1356 ι
271 1273 492 1368 expeditiore
517 1296 556 1344 re
571 1271 798 1343 frumentaria
812 1285 994 1358 uteretur,
1018 1290 1236 1398 oppugnare

272 1382 444 1473 instituit,
462 1381 574 1476 idque
587 1382 703 1453 biduo
721 1380 1020 1453 circumvallavit.
1050 1383 1158 1493 tertio
1171 1382 1236 1454 die

172 1558 177 1577 ,
271 1494 375 1566 miffis
395 1511 440 1565 ex
433 1434 592 1588 oppidi
604 1491 725 1590 legetis
741 1483 786 1561 de
800 1489 1002 1578 deditione,
1033 1510 1129 1563 arma
1143 1514 1233 1587 pro·

271 1605 372 1691 ferri,
406 1604 567 1676 iumenta
585 1601 753 1696 produci,
780 1616 832 1672 uc
857 1600 997 1672 obsides
1014 1601 1090 1673 duri
1113 1601 1233 1676 iubet

271 1715 320 1788 Ee
343 1716 407 1808 qui
430 1713 640 1799 conficeret,
678 1711 718 1784 C.
736 1710 963 1784 Trebonium
989 1710 1023 1782 le
1066 1726 1148 1784 tum
1171 1734 1233 1785 re·

198 1810 201 1817 ¹
272 1824 425 1914 linquit·
459 1819 554 1915 ipse,
579 1836 623 1892 ut
645 1818 928 1921 quamprimum
941 1819 1009 1890 iter
1053 1835 1148 1892 cerer
1161 1819 1236 1892 Ge·

271 1931 408 1999 nabun
430 1928 651 2018 Carnutum,
674 1926 1133 2022 proficiscitu1,qui,tum
1154 1928 1235 2022 pru,

200 2062 205 2079 ¹
270 2058 374 2111 mum
394 2038 513 2109 adlato
524 2055 656 2109 nuntio
669 2038 715 2111 de
728 2038 995 2143 oppugnatione
1028 2038 1234 2111 Vellauno-

272 2148 379 2235 duni,
397 2170 494 2228 curn
520 2150 661 2246 longius
678 2172 757 2220 eam
777 2171 853 2219 rem
877 2141 1059 2220 dulium
1050 2147 1093 2220 iri
1112 2147 1233 2220 existi-

270 2274 426 2345 marent,
454 2258 662 2352 praesidium
681 2257 821 2329 Genabi
837 2256 965 2330 tuendi
986 2255 1102 2343 causa,
1122 2255 1232 2349 quod

270 2389 317 2440 eo
330 2369 532 2467 mitterent,
560 2368 825 2482 comparabant
848 2367 933 2439 Huc
959 2365 1075 2439 biduo
1100 2386 1233 2461 petve-

269 2477 344 2551 nit:
373 2446 483 2550 celliis
504 2488 587 2548 ante
600 2464 780 2571 oppidum
806 2476 947 2570 positis,
976 2475 1047 2546 diei
1064 2490 1237 2569 tempore

269 2590 446 2674 exclusus,
485 2588 524 2658 in
550 2587 730 2680 posterum
757 2587 1063 2683 oppugnationem
1087 2584 1233 2674 differt,

269 2712 439 2791 quaeque
458 2694 504 2766 ad
518 2720 595 2765 eam
615 2718 692 2765 rem
708 2693 785 2764 usui
802 2696 889 2782 lint,
931 2694 1124 2766 militibus
1114 2697 1235 2796 ¹¹¹¹Pi⁴

269 2819 343 2874 rat:
365 2803 415 2889 lt,
432 2800 542 2895 quodv
555 2801 733 2896 oppidum
752 2799 941 2874 Gensbum
953 2823 1053 2898 pons·
1068 2797 1234 2901 fluminis
1263 2855 1267 2867 .

270 2909 402 3008 Ligeris
420 2911 648 2998 continebat,
674 2911 826 2998 veritus,
857 2934 904 2982 ne
925 2907 1037 2983 nullu
1058 2933 1102 2980 ex
1119 2908 1232 3003 oppi-

234 3041 238 3045 ’
272 3019 322 3091 do
337 3019 591 3117 profugerent,
610 3021 698 3091 duas
707 3021 862 3119 legiones
877 3022 915 3094 in
925 3021 1030 3102 armis
1047 3019 1230 3091 excubare

271 3127 383 3198 iubet.
399 3127 643 3216 Genabenles,
665 3132 789 3224 paullo
813 3147 895 3201 ante
908 3120 1064 3200 mediam
1078 3119 1229 3197 tiodiem
1288 3182 1294 3189 .

187 3235 188 3238 ’
268 3236 408 3318 'filontio
435 3260 479 3307 ex
506 3239 710 3335 oppido
667 3255 709 3310 eo
690 3239 801 3325 oreffi,
806 3237 960 3310 'flumen
980 3236 1126 3306 transire
1141 3257 1229 3305 coe·

152 3416 155 3423 ,
270 3362 413 3438 perurit
437 3345 519 3450 Qua
539 3371 657 3441 repet
678 3349 918 3445 exploratores
934 3344 1119 3431 nuntiata,
1139 3343 1231 3413 Cae·

272 3452 323 3521 sar
347 3451 521 3564 legiones,
545 3478 633 3546 quas
646 3455 832 3550 expeditas
842 3455 908 3527 elle
930 3450 1232 3545 iufferat,p01tis

272 3548 442 3649 incensis,
478 3566 709 3655 intromittit,
749 3587 860 3663 atque
890 3567 1028 3662 oppido
1063 3562 1232 3659 potitur,⁴

269 3673 453 3766 perpaucis
476 3697 523 3742 ex
544 3672 698 3744 hostium
718 3698 872 3748 numero
887 3671 1130 3758 desideratis,
1131 3666 1230 3779 quin
1269 3667 1272 3674 ’

165 3811 167 3816 ·
268 3777 433 3855 cuncti
402 3783 474 3877 vivi
489 3799 721 3880 caperentur,
747 3783 849 3881 quod
860 3797 981 3880 pontis
992 3798 1116 3878 atque
1120 3776 1234 3854 itine-
1277 3800 1279 3805 ’
