2632 4426
198 285 292 416 ‚nu⁸
402 334 475 410 or
512 335 692 408 nunno
732 333 989 412 crcrrco

209 498 301 570 citer
320 514 362 583 L,
375 499 617 592 'celeriterque'
631 495 852 590 conlundir's,
875 512 986 594 'atque
1005 517 1059 573 eo·
1073 500 1177 575 mili-⁸

211 608 308 678 tibus
331 607 522 702 impositis,
543 607 647 680 &rei
670 610 830 681 novitate
846 610 1040 703 perterritis
1061 610 1176 705 oppi·

211 713 331 804 danie,
353 738 510 809 quorum
530 740 657 814 magna
678 704 846 811 parserat
864 718 910 787 ad
928 718 1066 791 bellurn
1084 738 1175 793 evo·

212 840 306 910 cata,
329 825 401 897 fine
422 825 658 912 contentione
679 826 818 919 oppido
841 827 993 919 potitur.
1017 823 1174 903 Referta

211 952 345 1026 ponte,
368 958 479 1027 quem
507 935 748 1028 superioribus
769 935 897 1008 diebus
912 938 1043 1036 ‘helles
1063 937 1175 1009 resci-

213 1045 357 1132 derunt,
378 1046 575 1116 exercitum
593 1046 810 1135 transducit,
832 1047 1033 1120 &secundo
1045 1046 1194 1119 flumir

211 1147 261 1225 ire
283 1155 330 1225 ad
354 1153 534 1227 Lutetiam
559 1155 626 1226 iter
652 1156 765 1228 facere
796 1159 927 1255 coepit.
959 1158 1103 1247 Hostes,
1129 1183 1174 1231 re

209 1266 351 1361 cognita
364 1265 410 1336 ab
424 1265 482 1354 iis,
498 1265 562 1360 qui
577 1293 597 1338 a
610 1267 815 1341 Meloduno
827 1260 1073 1368 profugerant,
1091 1269 1171 1341 Lu-

210 1375 521 1464 tetiamincendi,
545 1395 746 1472 pontesque
766 1379 840 1449 eius
864 1382 990 1475 oppidi
1012 1378 1169 1450 rescindi

208 1480 365 1555 iubent:
388 1485 453 1580 ipfi
476 1482 626 1580 profedii
647 1475 838 1582 apalude,
858 1486 898 1558 iu
922 1488 1006 1581 ripis
1029 1487 1170 1581 Sequa·
1230 1467 1239 1489 ⁸

147 1687 151 1695 Ι
210 1617 298 1681 nae,
326 1621 347 1666 e
368 1597 512 1695 regione
541 1599 720 1688 Lutetiae',
743 1620 867 1673 contra
894 1599 1043 1670 Labieni
1062 1601 1171 1672 castra
1239 1633 1244 1639 ·

48 1720 50 1727 '
152 1709 409 1801 59cons1dunt.
429 1709 504 1781 lam
525 1711 647 1782 Caesar
665 1737 685 1781 a
705 1711 880 1812 Gergovia
905 1709 1083 1782 discelsrlse
1100 1734 1170 1783 au-

212 1817 401 1889 diebatur:
428 1817 499 1887 iam
524 1817 570 1888 de
593 1816 806 1893 Aeduorum
832 1814 1030 1893 desertione
1056 1817 1089 1890 ἃ
1113 1816 1172 1890 ie·
1201 1907 1203 1914 Ι

211 1931 333 1999 cundo
347 1928 480 1999 Galliae
491 1944 596 2000 motu
612 1954 772 2002 rumores
796 1930 1060 2017 afferebantur,
1083 1928 1169 2001 Gal·

190 2104 191 2109 ,
211 2040 311 2131 lique
333 2041 369 2108 in
384 2037 592 2130 colloquiis,
609 2039 840 2111 interclusum
864 2040 991 2111 itinere
1003 2039 1036 2112 Sc
1048 2039 1169 2136 Ligeri

211 2148 411 2235 Caesarem,
427 2147 549 2240 inopia
569 2146 742 2219 frumenti
760 2143 945 2235 coadum,
965 2149 1002 2217 in
1015 2149 1168 2242 provin·

211 2260 301 2329 ciam
315 2256 532 2329 contendisse
546 2257 816 2328 confirmabant.
833 2256 1010 2329 Bellovaci
1022 2269 1170 2348 autem,¹

212 2365 412 2440 defediione
440 2367 652 2439 Aeduorum
680 2367 837 2464 cognita,
864 2366 928 2459 qui
959 2383 1045 2436 aute
1066 2380 1170 2437 eraut

149 2532 153 2542 ·
209 2483 322 2579 perse
340 2481 521 2568 infideles,
540 2503 664 2551 manus
681 2501 805 2574 cogere
817 2494 927 2570 atque
945 2472 1066 2570 aperte
1084 2477 1169 2549 bel·

207 2596 286 2664 lum
312 2616 432 2686 parare
466 2608 674 2684 coeperunt.
711 2588 1037 2677 Tum'Labienus,
1063 2605 1167 2662 tanta

208 2726 327 2772 rerum
354 2701 658 2788 commutatione,
676 2701 785 2796 longe
808 2697 906 2769 aliud
930 2698 994 2767 fibi
1019 2698 1166 2792 capien-

209 2816 301 2884 dum
325 2811 532 2899 confilium,
552 2827 661 2902 atque
683 2828 785 2879 antea
807 2806 1193 2907 senserat,intellige-.

208 2925 292 2995 bat:
317 2941 439 3013 neque
465 2919 558 3008 iarn,
584 2937 626 2991 ut
649 2921 786 3013 aliquid
811 2918 1035 3012 adquireret,
1054 2944 1165 3013 proe-

207 3035 332 3124 lioque
345 3031 457 3103 hostes
474 3028 646 3100 lacesseret
653 3055 663 3116 ;
689 3029 749 3100 sed
768 3044 810 3101 ut
821 3029 1042 3099 incolumem
1058 3034 1166 3127 exer·

121 3141 123 3146 ’
208 3144 321 3214 citum
349 3139 574 3236 Agendicum
599 3140 805 3225 reduceret,
826 3140 1013 3235 cogitabat.
1046 3141 1164 3212 Nam-

147 3273 149 3277 ‘
207 3250 282 3343 q'ue
308 3251 415 3318 altera
441 3263 607 3339 exparte
632 3247 828 3335 Bellovaci,
853 3270 944 3340 quae
977 3249 1095 3318 civitas
1118 3250 1161 3320 in

208 3359 321 3428 Gallia
342 3352 534 3428 maximam
555 3356 663 3427 habet
685 3358 895 3451 opinionem
924 3356 1085 3445 virtutis,
1104 3359 1162 3430 in·

142 3515 145 3524 ·
207 3470 361 3554 stabant3
381 3472 526 3538 alteram
546 3467 807 3563 Camulogenus
827 3482 948 3560 parato
969 3484 1082 3559 atque
1104 3467 1162 3540 in-

206 3577 335 3650 strudio
358 3578 513 3649 exercitu
533 3576 704 3648 tenebat:
728 3596 809 3648 tum
834 3577 1008 3672 legiones,
1024 3603 1044 3647 a
1058 3602 1164 3670 prae·

206 3690 295 3761 sidio
311 3707 419 3782 atque
436 3688 704 3783 impedimentis
720 3688 919 3760 interclusas
932 3739 943 3775 ,
955 3688 1160 3761 maximum
1201 3675 1204 3679 ¹

207 3801 346 3874 flumen
370 3799 569 3874 distinebat.
597 3799 721 3874 Tantis
743 3800 864 3876 subito
896 3799 1164 3874 difficultatibus
