2632 4426
239 331 313 418 aro
394 309 487 407 ¹un
532 297 1007 436 usnuno‘unuarco

236 480 353 550 lnmer
374 475 430 546 adv
443 474 691 571 continentem
712 466 953 569 peruenerunt
961 507 976 551 a
988 476 1050 553 sed
1070 503 1121 554 eu
1137 480 1197 557 hir.
1260 542 1262 546 .

172 624 174 629 ·
237 585 415 658 onerariae
431 601 462 653 11
480 582 647 670 eoadem,
671 607 762 676 quoa
782 586 972 680 reliquae,
988 606 1112 681 portua
1131 614 1195 663 ca·-

213 778 215 782 .
236 718 322 790 pere
348 715 433 766 non·
452 706 678 786 potuerunt,
705 691 765 765 led
787 696 911 786 paullo
938 694 1028 767 infra
1053 696 1190 783 delatae

172 823 223 900 37
237 805 329 876 sunt.
349 800 492 906 Quibus
506 787 551 874 eir
569 800 718 871 mribus
734 825 819 876 cum
834 801 942 877 allent
957 806 1105 899 expanti
1121 809 1189 881 mi.-

235 914 313 990 lites
329 912 465 985 circiter
484 929 579 995 ccc,
607 925 716 1002 atque
730 910 767 983 in
784 912 888 984 castra
909 912 1186 1004 contenderent3

233 1021 390 1109 Morini,
407 1043 500 1114 quor
512 1018 654 1107 Caesar,
669 1020 707 1092 in
720 1017 934 1094 Britanniam
949 1025 1195 1118 proficiscens,-

234 1150 377 1230 pacatos
396 1130 605 1222 reliquerat,
628 1127 689 1221 spe
711 1129 864 1222 praedae
880 1127 1044 1221 addudii,
1069 1135 1187 1229 primo
1310 1210 1313 1217 ,

156 1237 169 1282 ’“
234 1241 371 1313 nonita
392 1260 522 1331 magno
534 1235 678 1310 suorum
688 1260 844 1312 ¹numero
863 1240 1189 1334 circumsteterunt,

235 1376 297 1439 ac,
325 1349 350 1425 fi
371 1346 439 1420 lese
460 1344 609 1418 interfici
629 1347 787 1424 nollent.
819 1372 913 1420 arma
933 1375 1068 1444 ponere
1089 1355 1190 1425 iulse·

235 1472 332 1530 runt
352 1454 447 1527 Cum
474 1451 527 1525 illi
548 1451 637 1524 orbe
657 1447 832 1528 fanosese
847 1451 1108 1549 defenderent,
1129 1486 1191 1533 ce-

235 1564 354 1639 leriter
372 1562 423 1636 ad
442 1563 634 1640 clamorem
654 1562 847 1639 hominum
868 1567 1005 1645 circiter
1021 1570 1130 1641 millia
1144 1591 1188 1644 vr

236 1685 492 1748 convenerunt.
529 1673 669 1776 Quare
694 1670 876 1761 nuntiata,
890 1667 1017 1749 ⁴Caesar
1040 1703 1187 1754 omnem

236 1809 283 1859 ,ex
298 1782 409 1855 castris
431 1780 633 1874 equitatum
666 1780 733 1853 suis
752 1782 886 1856 auxilio
909 1787 1012 1858 mifit.
1040 1788 1187 1862 Interim

213 1895 343 1967 ¹nostri
363 1891 495 1964 milites
525 1891 703 1984 impetum
736 1894 889 1967 hostium
926 1896 1188 1987 sustinuerunt,

234 2021 344 2097 atque
363 2002 515 2095 amplius
530 1999 624 2071 horis
646 2021 691 2073 1v
718 1999 897 2077 lortiffime
912 2026 1185 2104 pugnaverunt,
1302 2069 1306 2076 .

85 2187 87 2197 ,
177 2195 180 2206 ,
234 2111 291 2200 lc,
308 2111 426 2206 paucis
446 2110 655 2182 vulneribus
670 2111 841 2203 acceptis,
855 2118 1068 2211 complures
1084 2142 1130 2187 ex
1146 2119 1186 2188 iia

233 2221 453 2318 occiderunt.
481 2217 601 2292 Postea
626 2243 844 2312 veroquam
869 2221 1046 2314 equitatus
1072 2225 1192 2298 noller

210 2403 215 2416 ,
233 2325 521 2425 inconspectum
544 2329 661 2417 venit,
684 2331 797 2404 holles
817 2324 958 2406 abiedlis
971 2335 1073 2409 armis
1089 2351 1187 2436 terga

60 2491 63 2497 =
233 2458 430 2528 verterunt,
455 2463 676 2537 magnusque
692 2464 816 2515 eonrm
834 2465 1005 2515 numerus
1028 2445 1076 2520 est
1093 2447 1190 2518 occi-⁴

170 2547 219 2646 38
233 2551 297 2628 sus.
329 2550 449 2623 Caesar
467 2550 605 2650 pollere
635 2550 694 2620 die
725 2550 768 2620 T.
797 2550 998 2622 Labienum
1027 2554 1186 2650 legatum

232 2685 318 2739 cum
334 2659 372 2728 iis
385 2659 602 2756 legionibus,
618 2682 704 2750 quas
717 2684 764 2732 ex
779 2659 956 2734 Britannia
971 2662 1191 2752 reduxerat,

232 2772 272 2849 in
285 2770 461 2857 Morinos,
475 2794 538 2863 qur
527 2769 781 2844 rebellionem
797 2771 1089 2860 fecerant,mis1t.
1106 2775 1183 2879 Qui

108 2950 111 2961 .
232 2903 318 2959 oum
334 2895 481 2973 propter
478 2875 664 2954 siccitates
689 2879 888 2973 paludum,
908 2904 984 2972 quo
998 2881 1033 2950 se
1054 2884 1191 2977 recipe·

229 3008 327 3077 rent,
339 3012 414 3065 non
432 2990 615 3078 haberent,
639 2991 738 3085 (quo
751 2991 913 3088 perfugio
931 2991 1109 3087 superiore
1121 3022 1185 3066 an·

230 3121 282 3172 no
308 3099 449 3170 fuerant
469 3099 519 3168 usr
529 3099 563 3193 ,)
591 3121 714 3170 omnen
738 3099 840 3172 fere
831 3125 869 3170 rn
893 3105 1100 3196 po'tellatem
1120 3105 1185 3174 La·-

230 3209 328 3283 bieni
345 3227 528 3284 venerunt.
563 3207 612 3280 At
633 3209 852 3316 Q.T1tunua
870 3213 902 3284 8<
924 3212 962 3285 L.
982 3213 1109 3299 Cotta,
1132 3216 1184 3285 le·

229 3319 326 3418 gati,
349 3319 415 3412 qui
439 3320 477 3389 in
502 3319 752 3412 Menapiorum
778 3322 864 3418 finer
886 3322 1040 3419 legiones
1065 3323 1194 3393 dure«-

230 3443 335 3514 rant‘,
359 3427 529 3502 omnibus
553 3449 678 3511 eorum
707 3429 794 3526 agria
816 3431 971 3517 vastatis,
996 3429 1183 3503 frumentis

230 3539 383 3626 fraccisu,
399 3539 573 3628 aedificiis,
583 3537 724 3611 incensas
736 3591 747 3626 ,
761 3539 863 3632 quod
882 3539 1038 3639 Menapii
1054 3540 1088 3610 le
1102 3533 1190 3610 oms

230 3671 294 3728 net
307 3653 345 3725 in
364 3653 572 3727 denfiffimaa
596 3654 692 3724 filvar
714 3653 944 3737 abdiderant,
968 3652 1002 3722 le
1027 3650 1073 3722 ad
1097 3650 1184 3722 Cae·

228 3758 341 3838 satem
358 3778 578 3858 receperunt·
608 3761 729 3839 caesar
749 3762 788 3840 in
813 3761 923 3864 ungi·
946 3764 1112 3837 omnium
1130 3764 1194 3834 le··
1235 3849 1238 3853 Ι
