2632 4426
225 397 228 404 .
264 325 338 416 roo
444 315 517 392 on
555 275 750 398 sunno
778 316 1032 409 eunuco

264 478 367 550 bellis
382 477 540 555 hostibus
555 476 684 567 nostris
708 475 1225 560 inde.subministrata·auxilia=

262 585 500 684 intelligebat:
528 586 634 674 &‚.s1
657 600 798 680 tempus
820 588 903 656 anni
922 587 968 658 ad
991 587 1127 656 bellum
1151 613 1212 684 ge·
1275 642 1279 652 .

240 697 416 771 'rendum
439 695 627 782 deficeret,
656 712 777 766 tamen
800 719 930 794 magno
955 695 1018 767 fibi
1039 693 1117 767 usui
1136 698 1218 779 sore,
1270 756 1273 762 .

261 805 513 893 arbitrabatur,
535 807 560 876 fi
576 806 689 876 modo
701 806 852 877 insulam
865 804 1001 894 adisset,
1018 832 1128 906 genus
1143 798 1211 878 ho-

261 917 404 989 minum
417 913 657 1010 perspexisset,
676 917 773 1001 loca,
794 931 935 1008 portus,
956 916 1073 986 aditus
1086 940 1212 1013 cogno·
1258 991 1261 997 ,

260 1026 381 1098 visset:
412 1014 505 1120 quae
531 1025 654 1096 omnia
677 1023 750 1095 fere
772 1023 879 1119 Gallis
902 1041 999 1094 erant
1019 1023 1216 1122 incognita,

260 1135 391 1230 Neque
410 1135 507 1207 enim
529 1151 662 1207 temere
679 1150 818 1228 praeter
830 1150 1038 1206 mercatores
1054 1135 1117 1207 illo
1134 1137 1215 1218 adit:

234 1332 236 1337 Ι
260 1248 473 1341 quisquam:
507 1269 628 1338 neque
650 1244 690 1313 iss
711 1245 789 1337 ipsis
812 1244 1051 1339 quidquam,
1071 1263 1208 1340 praeter
1252 1315 1268 1322 -

259 1380 360 1428 oram
380 1353 609 1440 maritimam,
626 1371 735 1446 atque
749 1379 804 1425 eas
820 1355 1004 1451 regiones,
1020 1359 1209 1450 quaesunt

64 1557 67 1564 ι
175 1458 198 1507 Ψ
258 1481 385 1548 contra
402 1460 713 1563 Galliasffnotum
736 1461 795 1535 est,
818 1460 970 1554 Itaque,
993 1465 1143 1534 evocatis
1161 1463 1207 1536 ad

183 1650 186 1656 ,
257 1576 298 1648 se·
308 1574 473 1668 undique
490 1564 761 1658 mercatoribus,
775 1595 894 1665 neque
909 1592 1043 1665 quanta
1056 1575 1137 1667 esset
1149 1576 1206 1648 in·

241 1674 599 1780 ‘sulzemagnitudm
623 1705 745 1773 neque
763 1706 858 1775 quae
883 1700 946 1771 aut
968 1701 1120 1776 quantae
1144 1707 1208 1756 na·
1241 1757 1243 1760 ⁴
1282 1706 1285 1712 ·

143 1849 145 1854 -
206 1825 208 1829 ·
257 1796 372 1867 tiones
392 1795 609 1879 incolerent,
633 1792 753 1885 neque
776 1818 886 1886 quem
905 1794 1009 1867 usum
1036 1796 1123 1865 belli
1143 1795 1207 1879 ha-

257 1905 402 1992 berent,
420 1917 491 1974 ‘aut
511 1903 644 1996 quibus
668 1903 831 1974 institutis
857 1922 1060 1992 uterentur,
1086 1929 1208 1998 neque

143 2019 145 2024 ’
257 2017 322 2108 qui
342 2013 462 2088 'essent
482 2013 532 2088 ad.
555 2013 730 2085 maiorum
758 2014 905 2084 navium
931 2016 1205 2089 multitudinem

160 2112 162 2119 ¹
195 2147 238 2200 21
257 2121 379 2229 idonei
402 2140 544 2218 portus,
560 2122 709 2217 reperire
723 2139 872 2216 poterat.
895 2122 953 2194 Ad
973 2125 1059 2196 haec
1073 2149 1208 2226 cogno·

256 2231 402 2317 stende,
416 2230 626 2324 priusquam
644 2231 843 2325 periculum
856 2231 1003 2320 faceret,
1026 2234 1208 2325 idoneum·
1225 2233 1227 2236 ’

256 2338 323 2413 esse
342 2339 529 2409 arbitratus
552 2335 594 2408 C,
618 2336 858 2433 Volusenum,
880 2363 969 2442 ¹cum
994 2341 1075 2411 navi
1101 2343 1205 2442 longa

255 2447 461 2544 praemittit.
488 2446 584 2519 Huic
603 2444 765 2544 mandat,
790 2447 867 2536 uti,
882 2450 1073 2541 exploratis¹
1088 2453 1204 2522 omni·

255 2559 325 2632 bus
341 2559 463 2643 rebus,
487 2556 531 2627 ad
542 2555 578 2636 se·
598 2580 712 2677 quam
726 2546 884 2651 primum
898 2574 1102 2632 revertatur.
1123 2560 1202 2655 Ipse

255 2690 341 2737 eum
371 2661 542 2733 omnibus
568 2661 677 2756 copiis
703 2663 741 2737 in
763 2665 920 2737 Morinos
946 2669 1202 2762 proficiscitur,

255 2772 360 2866 quod
377 2771 462 2843 inde
485 2786 558 2848 etat
574 2771 815 2844 brevissimus
807 2797 844 2845 tn
865 2775 1078 2849 Britanniam
1092 2799 1204 2850 trans-

231 2890 233 2896 ’
255 2873 375 2951 ieslus
395 2879 479 2952 Huc
498 2901 603 2949 naves
622 2864 786 2974 undique
806 2906 851 2953 ex
870 2883 1027 2956 finitimis
1049 2887 1203 2983 regioni

255 2987 342 3073 hus,
366 2984 398 3057 8⁶
421 3008 537 3080 quam
557 2987 732 3081 superiore
756 2991 890 3063 aestate
909 2993 955 3064 ad
984 2993 1210 3067 Veneticum

255 3097 392 3176 bellurn
405 3095 536 3169 fecerat
544 3097 698 3188 classem,
712 3100 816 3173 iubet
828 3105 1028 3176 convenire.
1040 3107 1200 3193 Interim,

240 3207 402 3277 ¹consilio
427 3206 501 3277 eius
522 3209 683 3306 cognito,
705 3210 738 3283 8c
784 3232 1049 3309 erymercatores
1064 3216 1207 3307 perlato.
1270 3283 1272 3286 Α

163 3340 169 3366 t
254 3314 301 3399 ad
326 3313 533 3400 Britannos,
548 3235 824 3418 acomoluriius
838 3320 912 3393 eius
931 3320 1199 3392 insulae'civita·

208 3423 350 3512 22tibus
372 3422 419 3494 ad
442 3448 528 3496 eum
550 3426 659 3527 legati
676 3428 846 3519 veniunt,
875 3433 939 3523 qui
964 3433 1208 3526 polliceantur

139 3570 142 3577 ·
252 3533 391 3611 obfides
409 3533 512 3623 dare,
531 3550 641 3629 atque
654 3535 804 3630 imperio
820 3540 949 3632 populi
962 3540 1114 3611 Romani
1129 3542 1211 3612 ob-.

253 3657 459 3737 temperare.
481 3645 624 3752 Quibus
639 3647 788 3736 auditis,
802 3648 989 3722 liberaliter
1001 3652 1213 3745 pollicitus„

147 3821 149 3825 ,
218 3744 220 3752 ’
251 3749 512 3851 hortatusque,
543 3773 586 3832 ut
605 3757 710 3835 inea
732 3759 903 3860 sententia
929 3768 1212 3860 permanerent2
1257 3783 1262 3797 ‘
