2632 4426
173 300 179 308 ’
258 333 332 426 204
433 327 508 402 nr:
543 327 737 400 nerto
774 325 1046 405 cinereo

256 507 394 581 terent,
413 517 506 586 quae
531 493 569 562 in
587 491 764 586 praefidiis
775 492 826 563 rei
849 492 1099 566 frumentariae
1116 491 1222 574 canta

260 604 489 697 disponeret,
513 603 707 674 exercitum
730 603 767 674 in
791 602 877 672 duas
889 621 1008 696 partes
1018 604 1155 692 divisim
1169 624 1222 678 Ν
1239 631 1263 687 ‚¹
1297 624 1299 629 ’

258 711 417 808 legiones
431 711 469 780 in
483 709 655 805 'Senones'
666 711 885 803 Parisiosque
902 712 1066 782 Labieno·
1082 713 1224 785 ducen-

260 823 322 894 das
337 821 456 907 dedit;
480 841 525 893 vr
541 821 616 914 iple
628 823 665 890 in
682 818 858 890 Arvernos
874 821 921 889 ad
933 822 1116 914 oppidum
1129 825 1222 895 Ger·-

257 931 398 1030 goviam
411 929 610 1003 secundum
629 929 774 1001 flumen·
788 932 912 1006 Elaver
935 933 1040 1017 duxit
1050 960 1064 1020 ς
1076 934 1224 1026 equita*

255 1059 318 1112 tus
337 1057 475 1135 partem
503 1039 555 1109 illi
580 1040 766 1128 attribuit,
802 1061 942 1134 partem
971 1044 1035 1125 libi
1059 1043 1222 1136 reliq-uit.¹

147 1214 149 1219 ,
259 1152 401 1254 Quare
427 1148 593 1246 cognita,
618 1149 906 1246 Vercingetorix,
925 1153 1096 1225 omnibus
1110 1154 1222 1224 inter-

257 1261 372 1353 ruptis
387 1259 462 1328 eius
485 1255 644 1327 fluminis
657 1260 854 1350 pontibus,
871 1260 917 1330 ab
935 1266 1042 1353 altera
1061 1260 1222 1339 Elaveris

193 1394 239 1480 33
259 1385 363 1471 parte
387 1367 461 1459 iter
480 1365 593 1438 facere
618 1370 746 1458 coepit.
772 1367 867 1439 Cum
894 1368 1048 1462 uterque
1070 1371 1221 1463 utrique

258 1476 342 1549 effer
363 1476 534 1547 exercitus
557 1476 596 1543 in
618 1469 831 1568 conspeetu,
861 1475 1009 1569 fereque
1032 1503 1052 1547 e
1070 1478 1221 1574 regione

258 1586 371 1660 castris
395 1579 499 1657 castre
513 1601 689 1678 poneret,
715 1585 887 1678 dispositis
909 1589 1218 1682 exploratoribus,

257 1696 392 1786 necubi
412 1689 539 1764 effetlo
553 1711 667 1788 ponte
688 1693 842 1764 Romani
867 1696 985 1788 copias
1008 1696 1219 1791 transduce-¹¹

256 1823 361 1892 rent,
391 1823 462 1875 erat
485 1805 524 1875 in
545 1804 679 1901 magnis
705 1803 839 1874 Caesari
859 1805 1126 1877 difficultatibus
1139 1827 1219 1896 res,

257 1940 306 1988 ne
325 1914 496 1984 maiorem
522 1913 655 1983 aestatis
681 1930 819 2006 partem
848 1911 1000 1983 flumine
1024 1914 1217 2009 impedire*

257 2040 338 2110 tur,
365 2023 466 2117 quod
479 2047 554 2093 non
573 2023 644 2092 fere
658 2038 749 2127 ³unte
771 2038 992 2097 autumnum
1014 2018 1136 2098 Elauer
1151 2037 1219 2104 vaf
1299 2060 1301 2064 ·

258 2138 308 2219 do
338 2136 474 2207 transiri
496 2134 595 2204 solet.
622 2134 771 2227 Itaque,
802 2160 850 2206 ne
879 2135 917 2204 id
941 2131 1131 2217 accideret,
1157 2130 1219 2200 fil·

256 2245 360 2318 vestri
375 2246 456 2314 loco
479 2243 589 2314 castris
607 2245 747 2336 politis,
768 2270 788 2314 e
802 2244 947 2342 regione
961 2243 1068 2311 unius
1084 2263 1218 2312 eorum

170 2346 173 2353 ¹
256 2354 447 2450 pontium,
474 2378 567 2445 quos
581 2354 854 2450 Vercingetorix
881 2350 1128 2422 rescindendos
1147 2374 1218 2424 cu-.

255 2486 409 2558 reverat,
431 2465 571 2559 postero
592 2464 650 2534 die
671 2489 755 2534 curn
776 2485 806 2532 11
824 2461 1025 2577 legionibus
1041 2461 1078 2528 in
1093 2460 1219 2531 occul-

199 2647 201 2651 ,
256 2593 297 2648 to
316 2574 438 2647 restitit
450 2602 461 2660 ς
490 2576 639 2667 reliquas
667 2573 783 2664 copias
803 2595 887 2642 cum
909 2569 1080 2641 omnibus
1097 2568 1218 2662 impe·

256 2683 442 2771 dimentis,
459 2699 499 2752 ut
523 2680 772 2766 consueverat,
800 2679 914 2767 mifit,
933 2679 1042 2774 captis
1074 2677 1214 2778 [quar-2

200 2867 202 2870 Α
254 2793 324 2893 tis]
348 2793 564 2888 quibusdam
584 2788 809 2875 cohortibus,
836 2789 891 2858 uti
911 2814 1083 2861 numerus
1099 2792 1213 2888 legio-

253 2927 346 2975 num
375 2904 537 3004 constare'
552 2899 742 2980 videretur.
768 2899 859 2985 His,
883 2925 993 2991 quam
1014 2901 1219 2997 longissime-

252 3010 413 3108 poffent,
442 3012 609 3110 progredi
624 3011 732 3097 iuffis,
754 3034 839 3082 cum
860 3009 932 3079 ianr
953 3036 998 3081 ex
1021 3010 1092 3081 diei
1118 3028 1214 3083 tem·

253 3147 341 3215 pore
367 3117 604 3195 coniceturarn
625 3135 790 3215 caperet,
809 3121 847 3189 in
861 3123 963 3191 castra
977 3139 1211 3213 perventum,

200 3232 204 3239 ’
251 3234 380 3305 iisdem
401 3234 562 3320 sublicis,
584 3259 738 3326 quarum
759 3258 836 3326 pars
851 3233 996 3304 inferior
1007 3237 1138 3331 integra
1152 3260 1208 3306 re-

253 3342 441 3429 manebat,
466 3359 618 3435 pontem
639 3340 925 3434 reficere'coepit.
951 3342 1117 3413 Celeriter
1128 3344 1208 3416 effe·

178 3502 182 3509 ·
252 3447 312 3525 tto
339 3476 469 3544 opere,
505 3451 780 3549 legionibusque
808 3447 1035 3540 transdutlis,
1069 3454 1209 3524 llcloco

252 3561 365 3636 castris
380 3560 515 3632 idoneo
528 3557 688 3646 deletio,
708 3563 861 3654 reliquas
883 3560 1001 3653 copias
1016 3565 1207 3636 revocavit.

252 3667 544 3766 Vercingetorix,
566 3695 604 3741 re
626 3671 791 3766 cognita,
809 3695 856 3741 ne
879 3686 1002 3740 contra
1023 3668 1120 3739 suam
1138 3697 1207 3741 vo-

253 3780 428 3878 luntatem
445 3779 612 3876 dimicare
632 3799 841 3881 cogeretur,
866 3783 1013 3881 magnis
1023 3784 1210 3875 itineribus
