2632 4426
481 324 513 411 1]
537 324 712 412 IBER
758 325 834 414 VI.
933 328 953 397 '7
1061 348 1145 444 159·

175 501 315 576 ritatem
328 523 453 573 eorum
471 501 606 575 iudicio
629 503 760 575 habere
773 501 1028 591 existimantur,
1040 518 1135 597 quo·

174 638 257 688 rum
275 612 320 684 ad
334 613 520 685 arbitrium
544 614 794 707 indiciumque
809 616 947 686 summa
963 615 1132 686 omnium
1161 643 1165 651 ·

172 738 292 794 rerum
323 720 625 815 consiliorumque
661 721 790 793 redeat.
833 721 951 816 quue
978 723 1052 803 eius
1079 723 1131 794 rei

172 832 273 904 causa
291 833 490 926 antiquitus
511 832 713 904 inllitutum
731 833 892 921 videtur,
916 856 963 904 ne
983 833 1063 928 quis
1082 845 1128 906 ex'
1248 917 1251 923 ,

172 943 282 1037 plebe
309 961 432 1015 contra
457 944 700 1036 potentiorem
726 945 849 1015 auxilii
876 958 1014 1042 egeret:
1048 942 1130 1014 suos

173 1052 272 1124 enirn
294 1055 448 1147 quisque
473 1052 680 1147 opprimi&
704 1053 952 1127 circumveniri
971 1080 1047 1128 non
1066 1081 1131 1151 pa-

170 1162 277 1250 titur,
296 1187 441 1256 neque,
460 1163 560 1233 aliter
580 1160 605 1232 fi
626 1159 773 1250 faciant,
803 1166 911 1234 ullam
935 1167 1028 1238 inter
1049 1166 1130 1239 suos

170 1267 583 1349 habent‘audloritatem.
620 1269 720 1341 H'aec
747 1270 874 1343 eadem
897 1272 987 1346 ratio
1017 1276 1066 1347 est
1088 1279 1127 1348 in

169 1377 308 1452 summa
328 1383 437 1452 totius
465 1380 618 1452 Galliae:
644 1401 803 1474 namque
828 1405 952 1453 ornnes
971 1385 1126 1457 civitates

171 1490 210 1559 in
231 1505 346 1581 partes
365 1489 495 1560 divisae
515 1488 598 1560 sunt
616 1488 713 1559 duas.
738 1485 831 1560 Cum
852 1489 974 1562 Caesar
988 1493 1027 1562 in
1043 1493 1126 1564 Gal·
1144 1510 1187 1562 η

169 1597 254 1667 liam
279 1599 397 1692 venit,
418 1597 558 1669 alterius
581 1592 740 1670 sallionis
756 1598 932 1698 principes
950 1618 1049 1674 erant
1062 1600 1127 1674 Ae·

167 1706 253 1795 dui,
275 1709 415 1780 alterius
431 1708 596 1802 Sequani.
621 1704 669 1779 Hi
690 1733 773 1780 curn
798 1727 863 1803 per·
880 1711 1046 1784 seminus
1061 1739 1125 1786 va·

167 1817 304 1904 lerent‚
340 1818 598 1913 quodsumrna
622 1816 808 1892 auctoritas
831 1821 1027 1914 antiquitus
1053 1841 1127 1898 erat

167 1926 207 1999 in
226 1926 384 2016 Aeduis,
413 1955 636 2028 magnaeque
657 1957 783 2006 eorum
805 1938 904 2004 erant'
921 1934 1125 2026 clientelae,

164 2035 361 2108 Germanos
385 2055 494 2134 atque
520 2040 736 2114 Ariovistum
767 2044 831 2114 fibi
860 2042 1125 2137 adiunxerant,

166 2168 299 2239 eosque
315 2147 360 2217 ad
381 2147 416 2219 se
428 2150 562 2244 magnis
578 2145 718 2222 iadluris
730 2147 1124 2250 pollicitationibusque

165 2252 416 2347 perduxerant.
464 2255 608 2326 Proeliis
636 2281 721 2328 vero
752 2263 997 2354 compluribus
1027 2260 1127 2338 fatus
1152 2288 1154 2298 ‘
1272 2288 1275 2292 ’

164 2361 348 2452 secundis,
369 2382 478 2457 atque
504 2366 605 2436 omni
628 2367 812 2439 nobilitate
836 2368 1122 2446 Aeduorumin-

164 2466 327 2558 tessella,
353 2489 493 2543 tantum
514 2474 676 2566 potentia
700 2474 969 2564 ammiserant,
988 2497 1030 2551 ut
1044 2506 1117 2551 ma·

163 2603 271 2676 guam
292 2598 430 2675 partem
452 2581 638 2654 clientium
659 2584 706 2655 ab
731 2559 872 2656 Aedir'is'
890 2585 935 2656 ad
959 2586 993 2658 le
1009 2604 1120 2662 trans*

106 2755 109 2760 ,
164 2690 364 2789 ducerent,
386 2691 599 2786 obsidesque
617 2693 663 2764 ab
683 2694 723 2771 iis
740 2696 946 2791 principum
966 2698 1056 2771 lilios
1069 2714 1120 2774 ac·l

161 2803 346 2892 ciperent,
377 2801 409 2871 lc
436 2803 582 2895 publice
608 2802 723 2896 iurare
751 2823 939 2900 cogerent,
969 2807 1057 2879 nihil
1081 2811 1119 2882 le

160 2925 284 2978 contra
307 2907 488 3002 Sequanos
511 2910 645 2983 consilii
671 2912 837 2997 inituros3
862 2913 894 2986 8c
916 2931 1052 3007 partem
1074 2920 1117 2989 fia

126 3097 128 3102 ¹
160 3017 279 3088 nitimi
300 3018 395 3116 agri,
421 3042 485 3111 per
509 3019 584 3089 vim
607 3035 816 3112 occupatam
834 3036 858 3106 ,'
875 3021 1115 3113 polirderent‚

160 3125 369 3222 Galliaeque
388 3128 497 3199 totius
520 3128 760 3224 principatum
783 3128 998 3202 obtinerent.
1031 3134 1116 3238 Qua
1221 3156 1233 3167 ··

158 3237 357 3315 necellrtate
375 3234 550 3311 adductus
573 3235 789 3324 Divitiacus,
818 3237 940 3309 auxilii
961 3242 1129 3334 petendi*-¹

158 3346 258 3416 caula
278 3344 430 3418 Romam
454 3346 498 3417 ad
519 3347 679 3420 senatum
702 3343 902 3441 profellus,
920 3343 1048 3422 infetla
1072 3375 1112 3423 re
1138 3421 1140 3426 ,
1222 3367 1224 3373 ’

158 3451 319 3526 redierat
364 3456 533 3527 Adventu
555 3456 701 3553 Qaesaris
717 3451 805 3528 falla
827 3459 1116 3532 commutatione.

157 3581 302 3648 rerum,
338 3564 520 3635 obsidibus
557 3562 690 3635 Aeduis
721 3565 894 3652 redditis,
932 3567 1113 3639 veteribus

155 3668 326 3739 clientelis
350 3671 538 3759 restitutis,
558 3670 661 3744 novis
678 3696 743 3764 per
763 3670 939 3742 Caesarem
967 3684 1111 3765 compaa'

154 3775 251 3865 ratis,
271 3777 393 3873 (quod
415 3779 475 3868 hi,
496 3781 561 3876 qui
582 3781 616 3853 se
634 3781 682 3854 ad
702 3804 826 3855 eorum
847 3780 1111 3880 amicitiamag·
