2632 4426
416 312 499 397 tr
523 318 552 396 B
574 320 660 398 ER
706 319 769 397 ΙΙ.
1022 326 1071 405 62

109 489 333 584 'quaesiuxta
351 491 570 580 constiterat,
594 492 682 564 item
703 492 819 592 urgeri
838 491 885 564 ab
908 487 1006 565 hoste
1020 497 1074 566 vi·

117 596 244 687 differ,
268 598 432 671 tribunos
452 601 612 672 militum
632 604 801 689 monuit,
823 617 868 671 ut
883 605 1071 697 paullatim

115 710 186 784 sese
206 711 362 810 legiones
380 712 660 811 coniungerent,
688 712 721 785 8c
741 712 904 784 conversa
922 713 1016 810 signa
1032 716 1072 787 in

117 821 232 893 hostes
252 821 432 893 inferrent.
466 825 553 928 Quo
573 818 686 912 ladio,
709 846 794 895 curn
813 822 899 895 alius
921 823 978 893 alii
996 824 1074 895 sub

118 929 247 1001 fidium
273 931 422 1018 ferrent,
462 957 583 1026 neque
606 933 800 1020 timerent,
828 957 876 1004 ne
896 934 1002 1005 averli
1026 935 1074 1006 ab

118 1039 217 1112 hoste
251 1041 617 1129 circumvenirentur,
654 1043 823 1115 audacius
852 1042 1000 1115 resistere
1027 1068 1104 1134 >ac¹

117 1148 243 1221 fortius
267 1176 427 1250 pugnare
449 1166 657 1246 coeperunt.
697 1150 844 1221 Interim
869 1152 998 1224 milites
1020 1156 1074 1226 le·

118 1259 271 1356 gionum
308 1260 483 1347 duarum,
524 1283 616 1351 quae
650 1259 689 1327 in
717 1259 901 1331 noviffimo
931 1263 1097 1357 agmine

118 1369 288 1461 praesidio
309 1368 574 1462 impedimentis
592 1367 751 1454 fuerant,
773 1369 911 1462 proelio
929 1373 1074 1440 nuntia·

118 1491 182 1564 to,
218 1479 319 1551 cursu
341 1481 508 1564 incitato,
528 1479 566 1547 in
587 1479 728 1547 lumrno
746 1479 835 1548 colle
852 1476 898 1548 ab
914 1477 1074 1549 hostibus

118 1583 435 1680 conspiciebantur.
457 1588 502 1659 Et
519 1589 564 1659 T.
586 1588 779 1676 Labienus,
794 1588 904 1660 castris
916 1589 1072 1661 hostium

118 1699 276 1791 potitus,
300 1699 332 1770 8c
353 1725 399 1768 ex
418 1701 499 1770 loco
521 1698 720 1792 superiore,
750 1723 915 1791 quaeres
939 1698 977 1768 in
1004 1722 1073 1770 no·

119 1807 193 1876 stris
218 1806 328 1876 castris
353 1823 580 1904 gererentur,
612 1808 859 1902 conspicatus,
894 1808 1071 1880 decimam

119 1916 298 2014 legionem
325 1915 478 1987 subsidio
505 1915 624 1986 nostris
644 1906 754 2009 misit.
789 1919 883 2022 Qui,
915 1943 999 1988 curn
1016 1941 1072 1989 rex
1120 1916 1129 1987 ’.

121 2024 289 2117 equitum
312 2025 344 2097 8c
369 2026 533 2096 calonum
556 2022 662 2121 fuga,
689 2050 764 2118 quo
784 2025 821 2096 in
842 2030 923 2099 loco
945 2052 998 2098 res
1021 2026 1073 2098 es·

126 2132 196 2222 set,
229 2149 440 2227 quantoque
461 2135 498 2203 in
520 2133 680 2226 periculo
700 2135 732 2206 8c
750 2135 878 2222 castra,
904 2136 936 2208 8c
962 2135 1073 2233 legio·

122 2266 204 2333 nes,
225 2243 462 2337 &imperator
479 2244 686 2331 versaretur,
706 2243 964 2342 cognovillent,
982 2244 1072 2314 nihil
1161 2291 1163 2295 «

120 2352 166 2422 ad
183 2353 398 2423 celeritatem
420 2351 486 2423 fibi
508 2353 636 2445 reliqui
656 2354 823 2426 fecerunt.
853 2356 991 2426 Horum
1011 2355 1071 2425 ad·
1089 2380 1136 2456 27

121 2477 235 2530 ventu
255 2475 350 2528 tanta
370 2483 489 2529 rerum
510 2462 746 2537 commutatio
766 2459 813 2530 eli
830 2455 937 2547 fabia,
952 2481 993 2529 ut
1006 2485 1071 2530 no·

122 2566 200 2652 liri,
222 2566 328 2638 etiarn
360 2569 424 2660 qui
455 2569 662 2639 vulneribus
690 2566 840 2643 confedli
861 2570 1070 2664 procubuis-

120 2678 221 2767 sent,
254 2680 358 2752 scutis
389 2681 524 2767 innixi,
554 2681 735 2774 proelium
772 2679 1068 2780 redintegrarent3

120 2804 199 2861 tum
219 2792 379 2878 calones,
403 2791 603 2885 perterritos
618 2790 729 2862 hostes
744 2790 948 2883 conspicati,
962 2792 1070 2865 etiam

119 2899 272 2988 inermes
291 2904 429 2971 armatis
457 2918 704 2988 occurrerent,
732 2903 867 2994 equites
891 2926 1001 2989 vero,
1027 2913 1070 2975 u't
1156 2927 1161 2937 ’

122 3008 384 3101 turpitudinem
408 3008 513 3105 fugae
533 3010 664 3080 virtute
692 3009 873 3096 delerent,
901 3011 1088 3082 omnibus:

122 3120 162 3191 in
184 3119 270 3190 locis
288 3143 430 3217 pugnae
452 3120 487 3191 se
506 3121 702 3217 legionariis
724 3121 895 3194 militibus
915 3121 1070 3214 praefer·

122 3250 213 3299 rent.
245 3229 293 3300 At
318 3228 451 3316 hostes,
480 3232 585 3301 etiam
609 3232 646 3301 in
667 3249 821 3304 extrema
845 3233 905 3326 spe
925 3232 1082 3320 salutis,

35 3329 39 3332 ⁴
121 3352 257 3430 tantam
281 3339 450 3409 virtutem
474 3340 736 3432 praestiterunt,
763 3360 825 3430 ut,
851 3368 936 3415 cum
961 3342 1070 3436 primi

121 3471 248 3520 eorum
264 3449 472 3537 cecidillent,
489 3450 643 3544 proximi
659 3452 852 3524 iacentibus
864 3454 1068 3541 insisterent,
1157 3469 1164 3528 .“
1191 3472 1195 3487 ’

120 3573 230 3648 atque
250 3582 295 3635 ex
311 3583 437 3630 eorum
457 3558 665 3654 corporibus
683 3579 880 3656 pugnarent
891 3589 901 3647 ς
933 3562 984 3629 his
1006 3560 1069 3632 de·

121 3661 239 3755 iestis,
270 3668 527 3742 &coacervatis
552 3671 798 3759 cadaveribus,
829 3674 893 3765 qui
911 3669 1067 3764 superel-

123 3774 218 3867 lent,
240 3794 282 3849 ut
302 3802 348 3851 ex
364 3781 529 3874 tumulo,
541 3781 612 3854 tela
631 3780 670 3852 in
688 3779 819 3855 nostros
839 3778 1068 3878 conticerent,
