<?xml version="1.0" encoding="UTF-8"?>
<!DOCTYPE html PUBLIC "-//W3C//DTD XHTML 1.0 Transitional//EN"
    "http://www.w3.org/TR/xhtml1/DTD/xhtml1-transitional.dtd">
<html xmlns="http://www.w3.org/1999/xhtml" xml:lang="en" lang="en">
 <head>
  <title>
</title>
<meta http-equiv="Content-Type" content="text/html;charset=utf-8" />
  <meta name='ocr-system' content='tesseract 3.04.00' />
  <meta name='ocr-capabilities' content='ocr_page ocr_carea ocr_par ocr_line ocrx_word'/>
</head>
<body>
  <div class='ocr_page' id='page_1' title='image "./ciuliicaesarisd00bipogoog_0329.png"; bbox 0 0 2632 4426; ppageno 0'>
   <div class='ocr_carea' id='block_1_1' title="bbox 255 299 1039 428">
    <p class='ocr_par' dir='ltr' id='par_1_1' title="bbox 255 262 1039 428">
     <span class='ocr_line' id='line_1_1' title="bbox 255 299 1039 428; baseline -0.026 -22"><span class='ocrx_word' id='word_1_1' title='bbox 255 325 330 428; x_wconf 74' lang='lat'>²36</span> <span class='ocrx_word' id='word_1_2' title='bbox 426 299 502 398; x_wconf 80' lang='lat' dir='ltr'>ur</span> <span class='ocrx_word' id='word_1_3' title='bbox 535 317 723 395; x_wconf 72' lang='lat' dir='ltr'>sunto</span> <span class='ocrx_word' id='word_1_4' title='bbox 761 313 1039 394; x_wconf 75' lang='lat' dir='ltr'>onrrrco</span> 
     </span>
    </p>
   </div>
   <div class='ocr_carea' id='block_1_2' title="bbox 126 479 1300 3879">
    <p class='ocr_par' dir='ltr' id='par_1_2' title="bbox 256 479 1300 580">
     <span class='ocr_line' id='line_1_2' title="bbox 256 479 1300 580; baseline -0.008 -20"><span class='ocrx_word' id='word_1_5' title='bbox 256 487 339 560; x_wconf 86' lang='lat' dir='ltr'>usus</span> <span class='ocrx_word' id='word_1_6' title='bbox 356 488 500 574; x_wconf 82' lang='lat' dir='ltr'>veniat,</span> <span class='ocrx_word' id='word_1_7' title='bbox 520 486 626 557; x_wconf 82' lang='lat' dir='ltr'>suurn</span> <span class='ocrx_word' id='word_1_8' title='bbox 641 485 797 580; x_wconf 75' lang='lat' dir='ltr'>quisque</span> <span class='ocrx_word' id='word_1_9' title='bbox 817 487 942 556; x_wconf 87' lang='lat' dir='ltr'>locum</span> <span class='ocrx_word' id='word_1_10' title='bbox 960 495 1081 554; x_wconf 85' lang='lat' dir='ltr'>teneat</span> <span class='ocrx_word' id='word_1_11' title='bbox 1100 479 1135 554; x_wconf 81' lang='lat' dir='ltr'>8c</span> <span class='ocrx_word' id='word_1_12' title='bbox 1154 497 1219 553; x_wconf 67' lang='lat' dir='ltr'>no</span> <span class='ocrx_word' id='word_1_13' title='bbox 1297 569 1300 577; x_wconf 20' lang='grc' dir='ltr'><strong><em>ι</em></strong></span> 
     </span>
    </p>

    <p class='ocr_par' dir='ltr' id='par_1_3' title="bbox 193 590 1294 1128">
     <span class='ocr_line' id='line_1_3' title="bbox 193 590 1294 691; baseline -0.008 -20"><span class='ocrx_word' id='word_1_14' title='bbox 193 653 209 674; x_wconf 36' lang='grc'>,,</span> <span class='ocrx_word' id='word_1_15' title='bbox 229 624 233 631; x_wconf 94' lang='grc'><em>·</em></span> <span class='ocrx_word' id='word_1_16' title='bbox 254 596 372 685; x_wconf 64' lang='lat' dir='ltr'>veritt</span> <span class='ocrx_word' id='word_1_17' title='bbox 396 598 597 691; x_wconf 85' lang='lat' dir='ltr'><strong>equitatum</strong></span> <span class='ocrx_word' id='word_1_18' title='bbox 618 620 663 666; x_wconf 85' lang='lat' dir='ltr'>ex</span> <span class='ocrx_word' id='word_1_19' title='bbox 686 595 797 667; x_wconf 86' lang='lat' dir='ltr'>castris</span> <span class='ocrx_word' id='word_1_20' title='bbox 816 593 947 682; x_wconf 84' lang='lat' dir='ltr'>educi,</span> <span class='ocrx_word' id='word_1_21' title='bbox 979 592 1011 666; x_wconf 72' lang='lat' dir='ltr'>dr</span> <span class='ocrx_word' id='word_1_22' title='bbox 1034 590 1219 686; x_wconf 85' lang='lat' dir='ltr'>proelium</span> <span class='ocrx_word' id='word_1_23' title='bbox 1280 609 1294 630; x_wconf 60' lang='lat'>⁸</span> 
     </span>
     <span class='ocr_line' id='line_1_4' title="bbox 255 694 1219 792; baseline -0.006 -14"><span class='ocrx_word' id='word_1_24' title='bbox 255 694 437 779; x_wconf 87' lang='lat' dir='ltr'>committi</span> <span class='ocrx_word' id='word_1_25' title='bbox 458 706 572 777; x_wconf 89' lang='lat' dir='ltr'>iubet.</span> <span class='ocrx_word' id='word_1_26' title='bbox 597 705 680 777; x_wconf 83' lang='lat' dir='ltr'>Erat</span> <span class='ocrx_word' id='word_1_27' title='bbox 703 729 749 775; x_wconf 87' lang='lat' dir='ltr'>ex</span> <span class='ocrx_word' id='word_1_28' title='bbox 767 703 937 775; x_wconf 85' lang='lat' dir='ltr'>omnibus</span> <span class='ocrx_word' id='word_1_29' title='bbox 954 701 1093 788; x_wconf 80' lang='lat' dir='ltr'>castris,</span> <span class='ocrx_word' id='word_1_30' title='bbox 1121 724 1219 792; x_wconf 81' lang='lat' dir='ltr'>quae</span> 
     </span>
     <span class='ocr_line' id='line_1_5' title="bbox 253 801 1219 909; baseline -0.01 -22"><span class='ocrx_word' id='word_1_31' title='bbox 253 814 440 887; x_wconf 80' lang='lat' dir='ltr'>summum</span> <span class='ocrx_word' id='word_1_32' title='bbox 460 814 623 906; x_wconf 91' lang='lat' dir='ltr'>undique</span> <span class='ocrx_word' id='word_1_33' title='bbox 646 813 777 909; x_wconf 71' lang='lat' dir='ltr'>iugum,</span> <span class='ocrx_word' id='word_1_34' title='bbox 799 812 992 899; x_wconf 73' lang='lat' dir='ltr'>tenebant„</span> <span class='ocrx_word' id='word_1_35' title='bbox 1014 801 1219 902; x_wconf 64' lang='lat' dir='ltr'>despediuse</span> 
     </span>
     <span class='ocr_line' id='line_1_6' title="bbox 252 919 1240 1016; baseline -0.006 -22"><span class='ocrx_word' id='word_1_36' title='bbox 252 940 366 1016; x_wconf 80' lang='lat' dir='ltr'>etque</span> <span class='ocrx_word' id='word_1_37' title='bbox 392 922 559 1008; x_wconf 87' lang='lat' dir='ltr'>omnium</span> <span class='ocrx_word' id='word_1_38' title='bbox 589 922 749 992; x_wconf 86' lang='lat' dir='ltr'>militum</span> <span class='ocrx_word' id='word_1_39' title='bbox 776 919 907 993; x_wconf 81' lang='lat' dir='ltr'>intenti</span> <span class='ocrx_word' id='word_1_40' title='bbox 936 920 1047 992; x_wconf 86' lang='lat' dir='ltr'>animi</span> <span class='ocrx_word' id='word_1_41' title='bbox 1073 940 1240 1015; x_wconf 85' lang='lat' dir='ltr'>pugnae</span> 
     </span>
     <span class='ocr_line' id='line_1_7' title="bbox 253 1024 1218 1128; baseline -0.005 -25"><span class='ocrx_word' id='word_1_42' title='bbox 253 1048 477 1128; x_wconf 85' lang='lat' dir='ltr'>proventum</span> <span class='ocrx_word' id='word_1_43' title='bbox 498 1024 755 1124; x_wconf 71' lang='lat' dir='ltr'>exspediabant.</span> <span class='ocrx_word' id='word_1_44' title='bbox 778 1030 872 1102; x_wconf 83' lang='lat' dir='ltr'>Galli</span> <span class='ocrx_word' id='word_1_45' title='bbox 894 1030 989 1103; x_wconf 84' lang='lat' dir='ltr'>inter</span> <span class='ocrx_word' id='word_1_46' title='bbox 1002 1029 1142 1123; x_wconf 75' lang='lat' dir='ltr'>equites</span> <span class='ocrx_word' id='word_1_47' title='bbox 1159 1051 1218 1098; x_wconf 79' lang='lat' dir='ltr'>ra·</span> 
     </span>
    </p>

    <p class='ocr_par' dir='ltr' id='par_1_4' title="bbox 126 1136 1219 1239">
     <span class='ocr_line' id='line_1_8' title="bbox 126 1136 1219 1239; baseline -0.003 -29"><span class='ocrx_word' id='word_1_48' title='bbox 126 1204 132 1210; x_wconf 92' lang='lat'><strong><em>.</em></strong></span> <span class='ocrx_word' id='word_1_49' title='bbox 253 1164 313 1214; x_wconf 83' lang='lat' dir='ltr'>ros</span> <span class='ocrx_word' id='word_1_50' title='bbox 340 1140 528 1239; x_wconf 79' lang='lat' dir='ltr'>sagittarios</span> <span class='ocrx_word' id='word_1_51' title='bbox 554 1141 814 1235; x_wconf 71' lang='lat' dir='ltr'>expeditosque</span> <span class='ocrx_word' id='word_1_52' title='bbox 837 1140 923 1212; x_wconf 80' lang='lat' dir='ltr'>levis</span> <span class='ocrx_word' id='word_1_53' title='bbox 943 1155 1139 1212; x_wconf 87' lang='lat' dir='ltr'>armaturae</span> <span class='ocrx_word' id='word_1_54' title='bbox 1158 1136 1219 1207; x_wconf 90' lang='lat' dir='ltr'>in·</span> 
     </span>
    </p>

    <p class='ocr_par' dir='ltr' id='par_1_5' title="bbox 197 1250 1274 1898">
     <span class='ocr_line' id='line_1_9' title="bbox 197 1250 1214 1344; baseline 0.005 -23"><span class='ocrx_word' id='word_1_55' title='bbox 197 1270 198 1274; x_wconf 72' lang='grc'>’</span> <span class='ocrx_word' id='word_1_56' title='bbox 254 1251 482 1338; x_wconf 87' lang='lat' dir='ltr'>teriecerant,</span> <span class='ocrx_word' id='word_1_57' title='bbox 511 1251 667 1344; x_wconf 87' lang='lat' dir='ltr'>quisuis</span> <span class='ocrx_word' id='word_1_58' title='bbox 690 1251 903 1326; x_wconf 76' lang='lat' dir='ltr'>cedentibus</span> <span class='ocrx_word' id='word_1_59' title='bbox 920 1252 1053 1324; x_wconf 78' lang='lat' dir='ltr'>auxilio</span> <span class='ocrx_word' id='word_1_60' title='bbox 1070 1250 1214 1326; x_wconf 72' lang='lat' dir='ltr'>succut-</span> 
     </span>
     <span class='ocr_line' id='line_1_10' title="bbox 254 1359 1218 1456; baseline 0 -23"><span class='ocrx_word' id='word_1_61' title='bbox 254 1378 399 1448; x_wconf 62' lang='lat' dir='ltr'>rerem,</span> <span class='ocrx_word' id='word_1_62' title='bbox 418 1361 451 1434; x_wconf 87' lang='lat' dir='ltr'>8c</span> <span class='ocrx_word' id='word_1_63' title='bbox 470 1361 673 1433; x_wconf 87' lang='lat' dir='ltr'>nostrorum</span> <span class='ocrx_word' id='word_1_64' title='bbox 703 1361 873 1456; x_wconf 88' lang='lat' dir='ltr'>equitum</span> <span class='ocrx_word' id='word_1_65' title='bbox 894 1363 1051 1456; x_wconf 88' lang='lat' dir='ltr'>impetus</span> <span class='ocrx_word' id='word_1_66' title='bbox 1072 1359 1218 1433; x_wconf 83' lang='lat' dir='ltr'>sustine·</span> 
     </span>
     <span class='ocr_line' id='line_1_11' title="bbox 255 1469 1218 1568; baseline 0 -26"><span class='ocrx_word' id='word_1_67' title='bbox 255 1488 344 1542; x_wconf 89' lang='lat' dir='ltr'>rent.</span> <span class='ocrx_word' id='word_1_68' title='bbox 361 1469 419 1542; x_wconf 85' lang='lat' dir='ltr'>Ab</span> <span class='ocrx_word' id='word_1_69' title='bbox 442 1471 494 1542; x_wconf 84' lang='lat' dir='ltr'>his</span> <span class='ocrx_word' id='word_1_70' title='bbox 506 1474 708 1566; x_wconf 79' lang='lat' dir='ltr'>complures</span> <span class='ocrx_word' id='word_1_71' title='bbox 729 1471 776 1548; x_wconf 86' lang='lat' dir='ltr'>de</span> <span class='ocrx_word' id='word_1_72' title='bbox 792 1472 988 1568; x_wconf 83' lang='lat' dir='ltr'>improviso</span> <span class='ocrx_word' id='word_1_73' title='bbox 1011 1470 1218 1560; x_wconf 86' lang='lat' dir='ltr'>vulnerati,</span> 
     </span>
     <span class='ocr_line' id='line_1_12' title="bbox 253 1580 1274 1680; baseline 0.002 -29"><span class='ocrx_word' id='word_1_74' title='bbox 253 1582 395 1676; x_wconf 87' lang='lat' dir='ltr'>proelio</span> <span class='ocrx_word' id='word_1_75' title='bbox 415 1580 657 1656; x_wconf 61' lang='lat' dir='ltr'>excedebant„</span> <span class='ocrx_word' id='word_1_76' title='bbox 675 1581 771 1653; x_wconf 90' lang='lat' dir='ltr'>Cum</span> <span class='ocrx_word' id='word_1_77' title='bbox 785 1581 866 1653; x_wconf 86' lang='lat' dir='ltr'>suos</span> <span class='ocrx_word' id='word_1_78' title='bbox 883 1606 1004 1680; x_wconf 85' lang='lat' dir='ltr'>pugna</span> <span class='ocrx_word' id='word_1_79' title='bbox 1018 1580 1219 1675; x_wconf 76' lang='lat' dir='ltr'>superiores</span> <span class='ocrx_word' id='word_1_80' title='bbox 1263 1604 1274 1609; x_wconf 86' lang='lat'>·</span> 
     </span>
     <span class='ocr_line' id='line_1_13' title="bbox 254 1689 1218 1786; baseline -0.002 -23"><span class='ocrx_word' id='word_1_81' title='bbox 254 1689 321 1763; x_wconf 83' lang='lat' dir='ltr'>esse</span> <span class='ocrx_word' id='word_1_82' title='bbox 343 1691 436 1762; x_wconf 89' lang='lat' dir='ltr'>Galli</span> <span class='ocrx_word' id='word_1_83' title='bbox 455 1691 705 1780; x_wconf 78' lang='lat' dir='ltr'>confiderent,</span> <span class='ocrx_word' id='word_1_84' title='bbox 743 1692 932 1765; x_wconf 81' lang='lat' dir='ltr'>&amp;nostros</span> <span class='ocrx_word' id='word_1_85' title='bbox 949 1692 1065 1786; x_wconf 86' lang='lat' dir='ltr'>premi</span> <span class='ocrx_word' id='word_1_86' title='bbox 1089 1689 1218 1762; x_wconf 87' lang='lat' dir='ltr'>multi·</span> 
     </span>
     <span class='ocr_line' id='line_1_14' title="bbox 252 1798 1216 1898; baseline -0.001 -28"><span class='ocrx_word' id='word_1_87' title='bbox 252 1800 385 1870; x_wconf 81' lang='lat' dir='ltr'>tudine</span> <span class='ocrx_word' id='word_1_88' title='bbox 401 1799 580 1873; x_wconf 85' lang='lat' dir='ltr'>viderent:</span> <span class='ocrx_word' id='word_1_89' title='bbox 606 1826 652 1872; x_wconf 89' lang='lat' dir='ltr'>ex</span> <span class='ocrx_word' id='word_1_90' title='bbox 664 1801 834 1874; x_wconf 84' lang='lat' dir='ltr'>omnibus</span> <span class='ocrx_word' id='word_1_91' title='bbox 855 1801 1060 1898; x_wconf 74' lang='lat' dir='ltr'>partibus&amp;</span> <span class='ocrx_word' id='word_1_92' title='bbox 1079 1801 1126 1886; x_wconf 87' lang='lat' dir='ltr'>ii,</span> <span class='ocrx_word' id='word_1_93' title='bbox 1147 1798 1216 1893; x_wconf 82' lang='lat' dir='ltr'>qui</span> 
     </span>
    </p>

    <p class='ocr_par' dir='ltr' id='par_1_6' title="bbox 159 1904 1217 2001">
     <span class='ocr_line' id='line_1_15' title="bbox 159 1904 1217 2001; baseline -0.002 -25"><span class='ocrx_word' id='word_1_94' title='bbox 159 1904 161 1908; x_wconf 71' lang='grc'>’</span> <span class='ocrx_word' id='word_1_95' title='bbox 193 1940 197 1951; x_wconf 62' lang='lat'><strong><em>¹</em></strong></span> <span class='ocrx_word' id='word_1_96' title='bbox 255 1906 520 1979; x_wconf 86' lang='lat' dir='ltr'>munitionibus</span> <span class='ocrx_word' id='word_1_97' title='bbox 535 1908 836 1996; x_wconf 85' lang='lat' dir='ltr'>continebantur,</span> <span class='ocrx_word' id='word_1_98' title='bbox 866 1909 899 1982; x_wconf 86' lang='lat' dir='ltr'>8c</span> <span class='ocrx_word' id='word_1_99' title='bbox 923 1908 973 1996; x_wconf 84' lang='lat' dir='ltr'>ii,</span> <span class='ocrx_word' id='word_1_100' title='bbox 993 1907 1060 2001; x_wconf 90' lang='lat' dir='ltr'>qui</span> <span class='ocrx_word' id='word_1_101' title='bbox 1079 1905 1125 1976; x_wconf 91' lang='lat' dir='ltr'>ad</span> <span class='ocrx_word' id='word_1_102' title='bbox 1149 1929 1217 1975; x_wconf 86' lang='lat' dir='ltr'>au·</span> 
     </span>
    </p>

    <p class='ocr_par' dir='ltr' id='par_1_7' title="bbox 192 2015 1214 2105">
     <span class='ocr_line' id='line_1_16' title="bbox 192 2015 1214 2105; baseline 0.003 -23"><span class='ocrx_word' id='word_1_103' title='bbox 192 2015 199 2024; x_wconf 86' lang='lat'><em>&#39;</em></span> <span class='ocrx_word' id='word_1_104' title='bbox 255 2015 385 2096; x_wconf 75' lang='lat' dir='ltr'>xiiium</span> <span class='ocrx_word' id='word_1_105' title='bbox 402 2034 666 2105; x_wconf 83' lang='lat' dir='ltr'>convenerant,</span> <span class='ocrx_word' id='word_1_106' title='bbox 688 2019 842 2090; x_wconf 88' lang='lat' dir='ltr'>clamore</span> <span class='ocrx_word' id='word_1_107' title='bbox 856 2017 889 2090; x_wconf 70' lang='grc'>8(</span> <span class='ocrx_word' id='word_1_108' title='bbox 905 2019 1044 2089; x_wconf 90' lang='lat' dir='ltr'>ululatu</span> <span class='ocrx_word' id='word_1_109' title='bbox 1063 2016 1214 2088; x_wconf 88' lang='lat' dir='ltr'>suorum</span> 
     </span>
    </p>

    <p class='ocr_par' dir='ltr' id='par_1_8' title="bbox 136 2121 1217 2333">
     <span class='ocr_line' id='line_1_17' title="bbox 136 2121 1217 2232; baseline 0.007 -41"><span class='ocrx_word' id='word_1_110' title='bbox 136 2171 141 2178; x_wconf 88' lang='lat'>-</span> <span class='ocrx_word' id='word_1_111' title='bbox 255 2122 393 2194; x_wconf 83' lang='lat' dir='ltr'>animos</span> <span class='ocrx_word' id='word_1_112' title='bbox 416 2127 685 2198; x_wconf 87' lang='lat' dir='ltr'>confirmabant.</span> <span class='ocrx_word' id='word_1_113' title='bbox 722 2126 837 2232; x_wconf 79' lang='lat' dir='ltr'>Quod</span> <span class='ocrx_word' id='word_1_114' title='bbox 858 2128 896 2198; x_wconf 90' lang='lat' dir='ltr'>in</span> <span class='ocrx_word' id='word_1_115' title='bbox 922 2121 1112 2219; x_wconf 70' lang='lat' dir='ltr'>conspediu</span> <span class='ocrx_word' id='word_1_116' title='bbox 1133 2150 1217 2199; x_wconf 82' lang='lat' dir='ltr'>orn·</span> 
     </span>
     <span class='ocr_line' id='line_1_18' title="bbox 254 2233 1216 2333; baseline 0.006 -29"><span class='ocrx_word' id='word_1_117' title='bbox 254 2233 358 2306; x_wconf 92' lang='lat' dir='ltr'>nium</span> <span class='ocrx_word' id='word_1_118' title='bbox 390 2258 444 2305; x_wconf 87' lang='lat' dir='ltr'>res</span> <span class='ocrx_word' id='word_1_119' title='bbox 469 2236 679 2333; x_wconf 85' lang='lat' dir='ltr'>gerebatur,</span> <span class='ocrx_word' id='word_1_120' title='bbox 718 2261 839 2330; x_wconf 88' lang='lat' dir='ltr'>neque</span> <span class='ocrx_word' id='word_1_121' title='bbox 870 2235 966 2310; x_wconf 67' lang='lat' dir='ltr'>redde</span> <span class='ocrx_word' id='word_1_122' title='bbox 991 2260 1031 2307; x_wconf 90' lang='lat' dir='ltr'>ac</span> <span class='ocrx_word' id='word_1_123' title='bbox 1060 2237 1216 2328; x_wconf 83' lang='lat' dir='ltr'>turpiter</span> 
     </span>
    </p>

    <p class='ocr_par' dir='ltr' id='par_1_9' title="bbox 211 2341 1280 3549">
     <span class='ocr_line' id='line_1_19' title="bbox 211 2341 1280 2441; baseline -0.003 -25"><span class='ocrx_word' id='word_1_124' title='bbox 211 2398 228 2441; x_wconf 41' lang='grc' dir='ltr'>χ</span> <span class='ocrx_word' id='word_1_125' title='bbox 254 2341 387 2418; x_wconf 70' lang='lat' dir='ltr'>sadum</span> <span class='ocrx_word' id='word_1_126' title='bbox 404 2346 508 2418; x_wconf 88' lang='lat' dir='ltr'>celari</span> <span class='ocrx_word' id='word_1_127' title='bbox 524 2355 682 2439; x_wconf 82' lang='lat' dir='ltr'>poterat3</span> <span class='ocrx_word' id='word_1_128' title='bbox 705 2349 925 2440; x_wconf 76' lang='lat' dir='ltr'>utrosque&amp;</span> <span class='ocrx_word' id='word_1_129' title='bbox 947 2347 1065 2417; x_wconf 86' lang='lat' dir='ltr'>laudis</span> <span class='ocrx_word' id='word_1_130' title='bbox 1077 2345 1216 2440; x_wconf 81' lang='lat' dir='ltr'>cupidi·</span> <span class='ocrx_word' id='word_1_131' title='bbox 1278 2406 1280 2413; x_wconf 91' lang='lat'>.</span> 
     </span>
     <span class='ocr_line' id='line_1_20' title="bbox 248 2439 1214 2553; baseline 0.002 -26"><span class='ocrx_word' id='word_1_132' title='bbox 248 2464 324 2545; x_wconf 84' lang='lat' dir='ltr'>tas,</span> <span class='ocrx_word' id='word_1_133' title='bbox 342 2455 373 2526; x_wconf 69' lang='lat'>8&lt;</span> <span class='ocrx_word' id='word_1_134' title='bbox 391 2456 499 2527; x_wconf 90' lang='lat' dir='ltr'>timor</span> <span class='ocrx_word' id='word_1_135' title='bbox 515 2453 731 2553; x_wconf 85' lang='lat' dir='ltr'>ignominiae</span> <span class='ocrx_word' id='word_1_136' title='bbox 741 2457 787 2527; x_wconf 89' lang='lat' dir='ltr'>ad</span> <span class='ocrx_word' id='word_1_137' title='bbox 808 2439 979 2531; x_wconf 68' lang='lat' dir='ltr'>virtutem</span> <span class='ocrx_word' id='word_1_138' title='bbox 997 2456 1214 2529; x_wconf 72' lang='lat' dir='ltr'>excitabant</span> 
     </span>
     <span class='ocr_line' id='line_1_21' title="bbox 254 2565 1214 2659; baseline 0 -21"><span class='ocrx_word' id='word_1_139' title='bbox 254 2567 350 2639; x_wconf 86' lang='lat' dir='ltr'>Cum</span> <span class='ocrx_word' id='word_1_140' title='bbox 375 2590 400 2636; x_wconf 44' lang='lat' dir='ltr'>aw</span> <span class='ocrx_word' id='word_1_141' title='bbox 423 2566 569 2637; x_wconf 86' lang='lat' dir='ltr'>meridie</span> <span class='ocrx_word' id='word_1_142' title='bbox 591 2591 705 2659; x_wconf 91' lang='lat' dir='ltr'>prope</span> <span class='ocrx_word' id='word_1_143' title='bbox 738 2566 785 2637; x_wconf 91' lang='lat' dir='ltr'>ad</span> <span class='ocrx_word' id='word_1_144' title='bbox 812 2566 890 2636; x_wconf 83' lang='lat' dir='ltr'>solis</span> <span class='ocrx_word' id='word_1_145' title='bbox 912 2567 1076 2638; x_wconf 86' lang='lat' dir='ltr'>occasum</span> <span class='ocrx_word' id='word_1_146' title='bbox 1100 2565 1214 2638; x_wconf 90' lang='lat' dir='ltr'>dubia</span> 
     </span>
     <span class='ocr_line' id='line_1_22' title="bbox 254 2673 1216 2774; baseline 0.004 -28"><span class='ocrx_word' id='word_1_147' title='bbox 254 2673 403 2759; x_wconf 61' lang='lat' dir='ltr'>vidone</span> <span class='ocrx_word' id='word_1_148' title='bbox 420 2695 639 2773; x_wconf 83' lang='lat' dir='ltr'>pugnaretur</span> <span class='ocrx_word' id='word_1_149' title='bbox 653 2728 664 2764; x_wconf 86' lang='lat'>‚</span> <span class='ocrx_word' id='word_1_150' title='bbox 690 2677 861 2749; x_wconf 86' lang='lat' dir='ltr'>Germani</span> <span class='ocrx_word' id='word_1_151' title='bbox 875 2680 1000 2767; x_wconf 6' lang='lat' dir='ltr'>unagin</span> <span class='ocrx_word' id='word_1_152' title='bbox 1012 2694 1114 2774; x_wconf 88' lang='lat' dir='ltr'>parte</span> <span class='ocrx_word' id='word_1_153' title='bbox 1127 2703 1216 2753; x_wconf 89' lang='lat' dir='ltr'>con·</span> 
     </span>
     <span class='ocr_line' id='line_1_23' title="bbox 254 2783 1214 2883; baseline 0.007 -29"><span class='ocrx_word' id='word_1_154' title='bbox 254 2783 349 2855; x_wconf 81' lang='lat' dir='ltr'>fertis</span> <span class='ocrx_word' id='word_1_155' title='bbox 367 2786 494 2857; x_wconf 83' lang='lat' dir='ltr'>turmis</span> <span class='ocrx_word' id='word_1_156' title='bbox 519 2787 558 2856; x_wconf 92' lang='lat' dir='ltr'>in</span> <span class='ocrx_word' id='word_1_157' title='bbox 582 2788 695 2861; x_wconf 84' lang='lat' dir='ltr'>hostes</span> <span class='ocrx_word' id='word_1_158' title='bbox 719 2789 899 2883; x_wconf 87' lang='lat' dir='ltr'>impeturn</span> <span class='ocrx_word' id='word_1_159' title='bbox 919 2789 1112 2877; x_wconf 68' lang='lat' dir='ltr'>decerunt,</span> <span class='ocrx_word' id='word_1_160' title='bbox 1138 2815 1214 2862; x_wconf 83' lang='lat' dir='ltr'>sos·</span> 
     </span>
     <span class='ocr_line' id='line_1_24' title="bbox 254 2886 1215 2997; baseline 0.005 -30"><span class='ocrx_word' id='word_1_161' title='bbox 254 2900 329 2988; x_wconf 91' lang='lat' dir='ltr'>que</span> <span class='ocrx_word' id='word_1_162' title='bbox 351 2886 613 2991; x_wconf 84' lang='lat' dir='ltr'>propulerunt:</span> <span class='ocrx_word' id='word_1_163' title='bbox 652 2900 788 2995; x_wconf 84' lang='lat' dir='ltr'>quibus</span> <span class='ocrx_word' id='word_1_164' title='bbox 816 2900 854 2969; x_wconf 90' lang='lat' dir='ltr'>in</span> <span class='ocrx_word' id='word_1_165' title='bbox 881 2899 1001 2997; x_wconf 84' lang='lat' dir='ltr'>fugam</span> <span class='ocrx_word' id='word_1_166' title='bbox 1026 2894 1215 2988; x_wconf 61' lang='lat' dir='ltr'>eoniediisr</span> 
     </span>
     <span class='ocr_line' id='line_1_25' title="bbox 254 3007 1212 3107; baseline -0.001 -21"><span class='ocrx_word' id='word_1_167' title='bbox 254 3007 416 3107; x_wconf 74' lang='lat' dir='ltr'>sagittmi</span> <span class='ocrx_word' id='word_1_168' title='bbox 432 3011 666 3086; x_wconf 79' lang='lat' dir='ltr'>cimumventi</span> <span class='ocrx_word' id='word_1_169' title='bbox 679 3007 927 3104; x_wconf 68' lang='lat' dir='ltr'>intersertique</span> <span class='ocrx_word' id='word_1_170' title='bbox 942 3012 1034 3084; x_wconf 77' lang='lat' dir='ltr'>sunt.</span> <span class='ocrx_word' id='word_1_171' title='bbox 1059 3013 1150 3083; x_wconf 86' lang='lat' dir='ltr'>Item</span> <span class='ocrx_word' id='word_1_172' title='bbox 1163 3035 1212 3086; x_wconf 85' lang='lat' dir='ltr'>ert</span> 
     </span>
     <span class='ocr_line' id='line_1_26' title="bbox 252 3120 1269 3215; baseline 0.004 -25"><span class='ocrx_word' id='word_1_173' title='bbox 252 3120 399 3212; x_wconf 83' lang='lat' dir='ltr'>reliquis</span> <span class='ocrx_word' id='word_1_174' title='bbox 423 3121 580 3214; x_wconf 81' lang='lat' dir='ltr'>partibus</span> <span class='ocrx_word' id='word_1_175' title='bbox 602 3124 743 3209; x_wconf 50' lang='lat' dir='ltr'>nostri,</span> <span class='ocrx_word' id='word_1_176' title='bbox 769 3122 936 3193; x_wconf 88' lang='lat' dir='ltr'>cedentes</span> <span class='ocrx_word' id='word_1_177' title='bbox 957 3144 1072 3215; x_wconf 82' lang='lat' dir='ltr'>usque</span> <span class='ocrx_word' id='word_1_178' title='bbox 1091 3121 1136 3192; x_wconf 87' lang='lat' dir='ltr'>ad</span> <span class='ocrx_word' id='word_1_179' title='bbox 1158 3129 1214 3194; x_wconf 57' lang='lat' dir='ltr'>cas</span> <span class='ocrx_word' id='word_1_180' title='bbox 1265 3152 1269 3155; x_wconf 63' lang='grc'>’</span> 
     </span>
     <span class='ocr_line' id='line_1_27' title="bbox 255 3229 1214 3330; baseline 0.002 -30"><span class='ocrx_word' id='word_1_181' title='bbox 255 3229 321 3300; x_wconf 77' lang='lat' dir='ltr'>stra</span> <span class='ocrx_word' id='word_1_182' title='bbox 343 3231 523 3320; x_wconf 83' lang='lat' dir='ltr'>insecuti,¹</span> <span class='ocrx_word' id='word_1_183' title='bbox 541 3233 592 3306; x_wconf 89' lang='lat' dir='ltr'>sui</span> <span class='ocrx_word' id='word_1_184' title='bbox 612 3232 806 3330; x_wconf 80' lang='lat' dir='ltr'>colligendi</span> <span class='ocrx_word' id='word_1_185' title='bbox 827 3231 1032 3303; x_wconf 80' lang='lat' dir='ltr'>facultatem</span> <span class='ocrx_word' id='word_1_186' title='bbox 1050 3255 1127 3302; x_wconf 91' lang='lat' dir='ltr'>non</span> <span class='ocrx_word' id='word_1_187' title='bbox 1148 3231 1214 3303; x_wconf 64' lang='lat' dir='ltr'>dea</span> 
     </span>
     <span class='ocr_line' id='line_1_28' title="bbox 256 3337 1214 3437; baseline 0.005 -28"><span class='ocrx_word' id='word_1_188' title='bbox 256 3337 397 3411; x_wconf 84' lang='lat' dir='ltr'>derunt</span> <span class='ocrx_word' id='word_1_189' title='bbox 411 3340 460 3413; x_wconf 87' lang='lat' dir='ltr'>At</span> <span class='ocrx_word' id='word_1_190' title='bbox 483 3343 528 3430; x_wconf 87' lang='lat' dir='ltr'>ii,</span> <span class='ocrx_word' id='word_1_191' title='bbox 557 3345 621 3436; x_wconf 92' lang='lat' dir='ltr'>qui</span> <span class='ocrx_word' id='word_1_192' title='bbox 633 3344 679 3415; x_wconf 88' lang='lat' dir='ltr'>ab</span> <span class='ocrx_word' id='word_1_193' title='bbox 699 3342 812 3414; x_wconf 73' lang='lat' dir='ltr'>Alesra</span> <span class='ocrx_word' id='word_1_194' title='bbox 828 3340 1082 3437; x_wconf 82' lang='lat' dir='ltr'>procefferant,</span> <span class='ocrx_word' id='word_1_195' title='bbox 1110 3349 1214 3414; x_wconf 62' lang='lat' dir='ltr'>moei</span> 
     </span>
     <span class='ocr_line' id='line_1_29' title="bbox 255 3441 1268 3549; baseline 0.003 -32"><span class='ocrx_word' id='word_1_196' title='bbox 255 3445 317 3534; x_wconf 81' lang='lat' dir='ltr'>sti,</span> <span class='ocrx_word' id='word_1_197' title='bbox 345 3471 460 3549; x_wconf 89' lang='lat' dir='ltr'>prope</span> <span class='ocrx_word' id='word_1_198' title='bbox 486 3445 631 3523; x_wconf 67' lang='lat' dir='ltr'>viatoria</span> <span class='ocrx_word' id='word_1_199' title='bbox 651 3451 867 3544; x_wconf 87' lang='lat' dir='ltr'>desperata,</span> <span class='ocrx_word' id='word_1_200' title='bbox 905 3446 1003 3521; x_wconf 87' lang='lat' dir='ltr'>sein</span> <span class='ocrx_word' id='word_1_201' title='bbox 1028 3449 1213 3544; x_wconf 85' lang='lat' dir='ltr'>oppidum</span> <span class='ocrx_word' id='word_1_202' title='bbox 1258 3441 1268 3468; x_wconf 77' lang='lat'><strong>¹</strong></span> 
     </span>
    </p>

    <p class='ocr_par' dir='ltr' id='par_1_10' title="bbox 129 3551 1213 3652">
     <span class='ocr_line' id='line_1_30' title="bbox 129 3551 1213 3652; baseline 0 -23"><span class='ocrx_word' id='word_1_203' title='bbox 129 3584 132 3585; x_wconf 45' lang='lat'><em>⁷</em></span> <span class='ocrx_word' id='word_1_204' title='bbox 190 3551 235 3634; x_wconf 83' lang='lat'>81</span> <span class='ocrx_word' id='word_1_205' title='bbox 257 3574 475 3651; x_wconf 89' lang='lat' dir='ltr'>receperunt.</span> <span class='ocrx_word' id='word_1_206' title='bbox 517 3559 600 3630; x_wconf 92' lang='lat' dir='ltr'>Uno</span> <span class='ocrx_word' id='word_1_207' title='bbox 624 3559 683 3629; x_wconf 91' lang='lat' dir='ltr'>die</span> <span class='ocrx_word' id='word_1_208' title='bbox 714 3557 929 3646; x_wconf 71' lang='lat' dir='ltr'>intermisto,</span> <span class='ocrx_word' id='word_1_209' title='bbox 960 3556 1072 3647; x_wconf 82' lang='lat' dir='ltr'>Galli,</span> <span class='ocrx_word' id='word_1_210' title='bbox 1099 3576 1213 3652; x_wconf 79' lang='lat' dir='ltr'>atque</span> 
     </span>
    </p>

    <p class='ocr_par' dir='ltr' id='par_1_11' title="bbox 196 3665 1216 3879">
     <span class='ocr_line' id='line_1_31' title="bbox 196 3665 1214 3765; baseline 0.001 -29"><span class='ocrx_word' id='word_1_211' title='bbox 196 3695 202 3727; x_wconf 75' lang='grc' dir='ltr'>ι</span> <span class='ocrx_word' id='word_1_212' title='bbox 256 3665 327 3738; x_wconf 87' lang='lat' dir='ltr'>hoc</span> <span class='ocrx_word' id='word_1_213' title='bbox 347 3667 483 3760; x_wconf 85' lang='lat' dir='ltr'>spatio,</span> <span class='ocrx_word' id='word_1_214' title='bbox 508 3692 640 3765; x_wconf 87' lang='lat' dir='ltr'>magno</span> <span class='ocrx_word' id='word_1_215' title='bbox 669 3667 839 3756; x_wconf 89' lang='lat' dir='ltr'>cratium,</span> <span class='ocrx_word' id='word_1_216' title='bbox 857 3667 1055 3754; x_wconf 52' lang='lat' dir='ltr'>iscalarum,</span> <span class='ocrx_word' id='word_1_217' title='bbox 1086 3667 1214 3762; x_wconf 66' lang='lat' dir='ltr'>harpaa</span> 
     </span>
     <span class='ocr_line' id='line_1_32' title="bbox 256 3775 1216 3879; baseline 0.004 -27"><span class='ocrx_word' id='word_1_218' title='bbox 256 3797 395 3879; x_wconf 80' lang='lat' dir='ltr'>genum</span> <span class='ocrx_word' id='word_1_219' title='bbox 411 3800 564 3860; x_wconf 81' lang='lat' dir='ltr'>numero</span> <span class='ocrx_word' id='word_1_220' title='bbox 576 3775 725 3874; x_wconf 74' lang='lat' dir='ltr'>effedo,</span> <span class='ocrx_word' id='word_1_221' title='bbox 750 3782 869 3857; x_wconf 84' lang='lat' dir='ltr'>media</span> <span class='ocrx_word' id='word_1_222' title='bbox 882 3775 989 3858; x_wconf 74' lang='lat' dir='ltr'>notre</span> <span class='ocrx_word' id='word_1_223' title='bbox 1008 3782 1149 3860; x_wconf 80' lang='lat' dir='ltr'>filentio</span> <span class='ocrx_word' id='word_1_224' title='bbox 1162 3796 1216 3856; x_wconf 84' lang='lat' dir='ltr'>ert</span> 
     </span>
    </p>
   </div>
   <div class='ocr_carea' id='block_1_3' title="bbox 0 0 1320 4426">
    <p class='ocr_par' dir='ltr' id='par_1_12' title="bbox 0 0 1320 4426">
     <span class='ocr_line' id='line_1_33' title="bbox 0 0 1320 4426; baseline 0 0"><span class='ocrx_word' id='word_1_225' title='bbox 0 0 1320 4426; x_wconf 95' lang='lat' dir='ltr'> </span> 
     </span>
    </p>
   </div>
  </div>
 </body>
</html>
