2632 4426
270 337 344 413 DE
368 338 593 414 C.1UL10
626 339 888 417 CAESARE.
993 352 1062 418 xa!

458 507 462 516 .
571 513 592 558 ¹·
1038 501 1049 511 ..

100 592 322 710 tranarcr
341 640 611 723 Doowaau
631 645 830 718 Dissertatio
844 644 898 747 ¹da
915 641 1061 717 aridiore
1088 715 1101 741 ‚

100 758 106 837 s
155 841 166 859 ¹,
196 758 277 851 Lib.
290 775 386 850 vill.
401 778 449 849 de
465 778 565 850 Bello
581 779 671 854 Gall.
693 780 725 853 sc
739 777 840 852 Alex.
853 777 960 854 Afric.

100 914 105 926 '
400 994 403 998 ,
448 929 559 1007 atque
576 913 722 1008 Hispan.

159 1194 166 1215 r
181 1241 284 1308 Auser
296 1247 404 1330 Ptoiogi
415 1249 455 1308 ad
466 1248 558 1310 Ιὶόηιιοι
572 1252 601 1309 dt
618 1202 683 1309 bello
698 1245 804 1311 Gallico
824 1214 903 1310 Vsss.

221 1339 333 1400 Hirtius
343 1341 433 1420 potius
439 1340 523 1422 fitiffe
537 1340 655 1412 ridetur,
673 1360 751 1422 quom
771 1341 885 1421 Oppius.

99 1472 123 1548 s·
140 1448 173 1512 Sl
196 1453 312 1548 quidern¹
330 1454 402 1551 resie
418 1455 518 1517 lrabeat
536 1455 615 1515 locus
631 1453 774 1549 suetonii,
795 1456 850 1514 iarn
867 1473 927 1514 rum
944 1450 1061 1552 eallitess.

97 1536 486 1694 trianensis:
501 1533 1059 1692 sansatrlttfesnlz.

98 1696 178 1758 mine
190 1693 248 1757 Iulii
262 1697 354 1771 Celsi,
373 1699 419 1760 sed
427 1697 516 1782 Oppii
527 1699 671 1760 dumtaxat
684 1701 716 1761 dt
733 1698 834 1761 Hirriir
848 1713 981 1839 aramve
990 1697 1057 1762 sane

98 1777 186 1838 ambo
195 1778 230 1838 illi
244 1777 357 1841 Caesari
370 1782 432 1842 saris
443 1781 598 1843 familiares.
613 1780 673 1843 cnr
686 1795 780 1842 aurem
791 1777 891 1860 Oppio
904 1779 938 1840 tri
958 1798 1058 1841 ueren-

97 1873 162 1933 τω,
179 1880 243 1922 earn
258 1861 369 1924 cansam
381 1864 441 1924 satis
451 1859 630 1924 verisimilem
647 1861 715 1921 milti
734 1861 832 1923 videre
848 1859 1056 2001 videor,?ood
1118 1911 1122 1918 .

96 1940 267 2017 ardorille,
297 1954 300 1959 '
318 1945 436 2026 itunqoe
445 1944 558 2006 dernurn
571 1946 592 2003 is
605 1942 701 2018 suerit,
714 1942 806 2004 Balbo
816 1943 964 2024 prologum
987 1958 1056 2005 uum

97 2020 270 2105 inscripserit.
313 2029 458 2088 rantenirn
476 2027 538 2086 sane
557 2025 670 2107 Oppius
687 2041 768 2106 atque
787 2023 889 2087 Balbus
908 2021 1057 2084 necessiru·
1184 2075 1194 2096 ,

97 2100 163 2164 dine
180 2106 287 2186 aliqua,
313 2128 397 2188 quarn
418 2107 571 2181 nescimus,
597 2105 775 2182 trtvidetur,
797 2108 920 2168 invitent
933 2105 1055 2166 coniun-
1154 2113 1156 2116 ’

97 2182 224 2247 eiiffimi:
244 2185 413 2251 sorteoffitii
432 2189 545 2248 alicuius
565 2185 664 2261 causa,
681 2189 824 2266 utriusque
845 2206 926 2249 curae
944 2207 961 2246 a
980 2183 1055 2249 cae-

97 2262 155 2327 sare
172 2267 276 2330 crediti.
293 2269 380 2333 Certe
396 2272 504 2350 utrique
520 2269 665 2348 inscriptas
679 2269 823 2329 nonnullas
835 2266 963 2350 epistolas
979 2266 1054 2330 Cae·
1086 2293 1094 2319 l

96 2345 161 2407 satis
178 2349 311 2412 habentus
327 2351 464 2433 hodieque
490 2353 518 2410 in
540 2351 611 2411 libro
628 2348 773 2412 Ciceronis
791 2349 827 2409 ad
848 2351 976 2412 Atticum
996 2348 1053 2412 lx.

96 2425 134 2488 Et
151 2429 234 2491 libros
259 2432 335 2494 soille
362 2433 538 2515 epistolarum
556 2431 592 2494 ad
611 2448 773 2522 utrumque,
797 2433 878 2493 docet
895 2428 1002 2491 Gellius
1018 2431 1056 2494 [Α

97 2508 196 2574 XVII.
210 2511 294 2576 Nosi.
314 2517 403 2593 Artis.
416 2536 477 2597 cap.
495 2535 522 2597 9.
535 2514 724 2596 quitationem
738 2511 833 2587 addit,
851 2510 929 2594 quod
940 2530 982 2570 res
993 2512 1054 2572 eins

96 2591 213 2654 absentis
230 2606 362 2658 curarent.
381 2595 486 2658 Litetas
505 2593 624 2668 cursile,
636 2593 719 2656 docet
729 2591 832 2655 Cicero
852 2595 887 2654 ad
903 2591 1055 2671 Quint.er

96 2692 141 2754 ep.
160 2694 185 2736 t.
205 2672 243 2738 Se
256 2695 348 2738 autern
368 2677 443 2739 bello
461 2675 652 2739 Alexandrino
663 2678 752 2755 'arque
769 2673 904 2736 Africano
919 2673 1054 2749 abfuisse,

95 2754 192 2816 lubens
207 2759 327 2840 agnoscit
337 2759 448 2842 Prologi
459 2756 564 2822 auslor.
588 2757 643 2822 Sed
660 2756 782 2817 absentia
794 2757 839 2817 illa
855 2755 982 2820 Caesaris
993 2770 1053 2815 erat

95 2837 124 2900 io
142 2836 252 2914 Gallia,
269 2839 424 2922 squidem
445 2861 480 2901 ex
497 2839 614 2923 epistolis
628 2860 646 2899 a
664 2837 802 2900 Cicerone
819 2839 991 2901 conservatis
1011 2837 1052 2897 li·

95 2933 160 2978 teat
178 2915 213 2977 de
228 2921 335 3003 reliquis
354 2923 492 3002 augurari.
513 2921 644 3002 Speilant
660 2920 736 2981 eninr
753 2919 813 2981 illae
827 2921 862 2981 ad
880 2921 969 3000 prima
983 2917 1050 2979 belli

96 2998 188 3060 civilis
205 2998 292 3062 initia.
314 3002 355 3063 Ex
375 3003 509 3084 hisigitur
525 3003 646 3084 epistolis
665 3003 701 3062 ad
719 3000 847 3081 Oppium
864 3001 935 3063 datis
958 3014 1050 3060 rerunt

95 3079 233 3162 gestarum
250 3084 397 3145 memorias
412 3083 534 3166 'accipere
549 3085 652 3167 potnit,
671 3082 769 3164 siquis
780 3083 870 3143 iunior
888 3080 977 3164 Oppii
995 3100 1051 3140 no·

96 3164 172 3230 ‘rttine
185 3163 270 3226 libros
291 3165 420 3227 edidisset.
440 3163 481 3226 Ita
498 3164 564 3244 siet,
581 3183 612 3225 ur
627 3169 687 3247 pari
698 3163 754 3226 fide
769 3165 868 3246 dignae
886 3163 938 3224 sant
957 3174 1050 3225 retum

96 3243 231 3325 gestarum
252 3248 440 3324 narrationes,
472 3234 689 3310 siraninus
708 3246 765 3327 ipse
788 3247 904 3307 exaratis
918 3245 1049 3326 Oppius,

95 3328 140 3389 seu
158 3326 355 3411 inniorOppio
370 3332 502 3473 quiffism
519 3331 657 3412 collegerit
671 3351 686 3390 e
699 3327 822 3390 Caesaris
835 3327 970 3410 epistolis,
982 3324 1050 3406 Os·-

95 3410 144 3492 'pio
158 3407 236 3471 instri
268 3411 289 3470 is
311 3432 393 3494 atque
441 3413 515 3474 albo.
538 3410 623 3477 Certe
639 3409 738 3492 Oppio
758 3431 800 3471 res
820 3411 948 3473 Caesaris
962 3411 1048 3470 etiam
1081 3424 1085 3429 ’

49 3549 52 3556 .
94 3510 209 3552 arcanas
233 3428 566 3575 diffeexploratiffirnan
588 3513 622 3554 ex
641 3513 675 3552 eo
698 3493 770 3553 libro
790 3493 938 3575 colligitur,
962 3507 1048 3572 quent

94 3571 224 3655 scripsisse
236 3572 350 3636 testatur
366 3574 494 3657 Oppium
510 3573 657 3636 Suetonius
670 3575 720 3635 lul.
738 3595 799 3654 cap.
816 3595 860 3654 5²·
874 3593 903 3635 ur
915 3573 1048 3653 probaret

94 3674 151 3737 non
173 3653 249 3717 fuisse
270 3654 518 3730 caesariensium,
541 3678 624 3740 quern
640 3658 735 3717 dixerit
750 3656 917 3735 Cleopatra,
943 3667 1061 3730 nempe:

94 3733 298 3800 Caesarionenr.
331 3739 427 3801 Minus
446 3757 539 3802 tamen
557 3739 672 3801 idoneus
693 3737 780 3800 suisset
795 3736 908 3818 Oppios
923 3736 960 3796 ad
978 3733 1048 3794 stri·

19 3870 23 3876 .
93 3814 215 3880 bendum
228 3819 266 3881 de
275 3820 329 3890 hoc
340 3839 520 3906 argumento,
538 3819 560 3887 si
575 3821 632 3905 ipse
647 3840 758 3904 quoque
772 3815 1048 3888 belloAlrxaadrioo,
