2632 4426
164 381 269 464 m·
355 358 622 438 norim
649 296 957 441 'irrrnnnrn

166 510 227 587 tria
246 509 490 610 quidem'cnnsa
509 511 630 612 poffiim
647 512 784 589 credere.
808 512 864 583 De
868 515 949 608 stilo
963 514 1049 612 qnod
1064 511 1135 590 itit,

152 615 319 713 finarum
340 615 544 707 qtiaerimusu,
575 610 609 680 ln·
630 610 667 679 u'e
694 612 770 681 bello
801 609 929 683 Gallico
951 616 1138 710 disbreparrt

167 713 370 806 aliquantum
395 711 434 779 ab
455 709 522 778 illis
542 708 579 778 de
594 706 707 783 Civili,
724 709 790 804 filo
809 712 986 785 orationis.
1013 710 1140 804 infieri

159 809 287 909 potest.
315 825 353 876 at
373 807 560 904 interpolati
577 806 671 900 fint,
698 824 736 875 ut
755 806 845 875 dixi:
860 832 921 876 nnn
939 824 1044 878 tomen
1061 811 1109 876 ira
1121 855 1135 884 ,

169 923 209 977 nt
217 905 403 1002 fimisitudo
426 906 491 974 oris
507 904 640 1003 ¹prorsas
660 905 845 978 evanuerit,
871 906 902 972 ds
925 904 1140 1002 quamvirge«

170 1007 253 1074 mini
262 1004 358 1101 firi-t.
377 1000 510 1099 fratres
535 1020 641 1071 tamen
669 1002 727 1096 effe
752 1026 792 1071 ex
819 1001 887 1100 ipsa
909 1005 1035 1074 ratione
1046 1004 1152 1094 scri--

173 1100 266 1172 tendi
288 1100 453 1194 agnoscas.
480 1097 650 1169 Haec—ad
675 1098 881 1168 Carrionem
908 1099 1051 1192 Lipsius.
1076 1099 1141 1171 Er·

172 1221 232 1269 ror
256 1213 376 1266 autem
398 1220 474 1266 non
495 1195 627 1266 exinde
646 1202 750 1265 natus
777 1195 846 1281 est,
867 1213 909 1267 ut
928 1197 1035 1267 citato
1060 1197 1140 1268 Me·

171 1294 405 1392 nagianorum
434 1296 517 1364 loco
548 1286 724 1379 traditur,
752 1291 856 1386 quod
881 1293 992 1365 Iulius
1018 1294 1141 1365 Ceisuc
1166 1292 1183 1319 '

170 1393 283 1461 uitam
307 1389 630 1485 Caesarie'scripsrt,
652 1388 714 1460 sed
736 1389 841 1482 quod
859 1390 1137 1480 Grammaticus,

170 1487 282 1560 Iulius
301 1487 419 1567 Celsus
437 1487 691 1560 Constantinus
712 1486 884 1584 nornine,
910 1490 973 1583 qui
988 1490 1139 1560 Caesaris

170 1585 406 1658 recensuit&
426 1585 603 1683 castigavit
623 1588 922 1671 commentarios,
951 1588 988 1656 in
1011 1587 1060 1657 rei
1083 1605 1140 1656 te-

156 1682 379 1755 'stimonium
411 1683 457 1752 ad
479 1687 610 1753 calcem
635 1682 829 1753 voluminis
851 1683 1027 1777 adscripfit
1051 1684 1138 1774 haec

140 1857 142 1862 ,
169 1781 300 1856 Verba:
320 1780 427 1850 Iulius
447 1777 553 1874 Cefflir
574 1779 796 1876 Cotistantinui
816 1794 826 1829 ¹
861 1781 896 1850 V.
909 1780 942 1850 C'.
954 1784 1038 1876 legi,
1052 1781 1137 1870 five,

174 1879 276 1948 utin
297 1876 515 1971 quibusdam
536 1877 644 1948 codd.
664 1879 774 1948 exstat
788 1907 800 1951 z.
824 1880 930 1951 Iulius
950 1879 1140 1972 Celsus.Vir

176 1974 304 2072 Clarff
331 1975 362 2042 ts
386 1975 494 2046 Comes
521 1975 673 2068 recensui.
704 1974 798 2046 Cum
824 1977 946 2069 itaque
973 1979 1140 2070 exempla

112 2128 114 2132 i
173 2073 221 2145 ad
240 2073 331 2144 hanc
348 2071 589 2142 recensionem
612 2067 730 2143 exaesa
751 2097 817 2166 pro
837 2074 1139 2145 emendatioribus

176 2171 417 2256 haberentur,
436 2165 570 2240 fastum
595 2170 666 2256 est,
689 2187 731 2240 ut
753 2171 904 2258 librarii,
926 2197 1001 2264 quo
1026 2173 1141 2242 maio-

43 2264 51 2277 ’
176 2293 254 2340 rem
285 2263 530 2339 austeritatem
560 2266 629 2337 suis
658 2267 831 2340 adderent
858 2270 1066 2356 codicibus,
1091 2269 1141 2338 eis

173 2368 267 2438 hanc
279 2365 513 2462 praefigerent
533 2365 814 2459 inscriptionem,
829 2391 921 2459 quae
936 2368 1137 2438 etiamnum

172 2465 212 2535 in
229 2465 412 2536 nonnullis
421 2461 521 2534 MSS.
533 2465 681 2561 legitur:
703 2465 737 2535 C·
753 2465 833 2535 Iulii
848 2465 997 2558 Caesaris
1011 2491 1068 2562 per
1080 2467 1142 2534 'In-

96 2621 100 2626 .
173 2563 255 2634 lium
271 2563 394 2657 Celsum
419 2566 648 2632 commentarii.
673 2559 824 2632 Fortasse
846 2586 922 2634 non
945 2562 1141 2650 erraverit,

174 2662 336 2753 quicum
349 2658 601 2746 eruditorum,
619 2659 799 2729 Bernardo
813 2662 963 2730 Moneta
978 2658 1041 2729 fibi
1059 2683 1142 2752 per·

174 2757 338 2845 suaserit,
358 2757 467 2826 libros
489 2759 594 2826 hosce
613 2774 681 2828 tres
698 2757 744 2825 de
760 2760 830 2827 vita
850 2758 997 2828 Caesaris
1017 2752 1141 2830 audio-

63 2940 65 2945 .
175 2878 255 2926 rem
288 2855 418 2926 habere
445 2855 654 2946 Franciscum
678 2855 914 2925 Petrarcltnm:
953 2876 1045 2926 certe
1072 2850 1142 2925 sra-¹

167 2971 363 3050 ’grnentum
384 2952 429 3020 de
447 2953 544 3022 bello
562 2952 773 3047 Hispanico,
789 2955 889 3044 quod
908 2953 1143 3050 Iungerman·

176 3072 245 3122 nuo
272 3074 318 3120 ex
342 3049 467 3120 codice
485 3051 675 3120 Petaviano
702 3049 838 3138 edidit,
860 3051 1063 3121 Petrnrchae
1085 3054 1142 3120 di·

171 3145 265 3228 sente
287 3149 326 3219 in
346 3149 408 3216 illo
425 3149 497 3218 MS.
523 3150 720 3232 tribuitur,
747 3148 860 3239 idque
887 3175 932 3219 ex
953 3152 1045 3218 libro
1062 3149 1140 3237 ΙΙΙ,

177 3269 213 3339 p.
232 3247 272 3316 18
278 3269 297 3334 5
309 3283 327 3302 ·
341 3267 418 3340 191.
441 3248 528 3315 edit.
544 3247 760 3316 Graevianae
783 3248 827 3314 ad
849 3254 1001 3317 verbum
1019 3249 1068 3316 est
1084 3271 1141 3316 re·

176 3343 344 3436 petitum.
376 3345 471 3414 Citat
498 3342 645 3428 audior,
675 3345 834 3435 quisquis
862 3346 934 3432 est,
961 3365 1142 3443 praeterea

179 3442 313 3511 lulium
331 3443 508 3512 Caesarem
526 3467 561 3534 p.
578 3467 610 3535 i).
635 3441 722 3512 &ex
737 3444 809 3510 eius
823 3443 918 3511 libris
932 3443 1146 3513 rerum-suo·

179 3560 260 3608 rum
280 3541 450 3632 pleraque
470 3539 612 3608 hausisse
635 3542 668 3608 se
686 3564 760 3609 nori
781 3541 949 3631 diffitetur
963 3567 1042 3638 pag.
1062 3564 1142 3633 ¹94·

178 3633 250 3706 Sed
269 3639 301 3705 bc
322 3639 582 3707 commemorat
603 3637 758 3706 Caesaris
772 3637 939 3731 Epistulas
958 3662 1035 3732 139.
1065 3659 1144 3726 140.

223 3795 237 3836 1
253 3774 328 3836 Hinc
338 3775 450 3836 Celsum
463 3772 547 3850 aliqui
558 3773 634 3836 fece·
692 3774 811 3855 nagiana
828 3771 915 3838 Tom.
933 3773 995 3856 lv,
1010 3793 1077 3859 pag.
1095 3774 1132 3839 81

179 3855 636 3940 rtConstantinopoliranum.Me·
784 3887 793 3896 v
