2632 4426
247 321 327 415 ιέι
424 335 499 415 uu
534 323 720 415 uarro
746 318 1019 418 ''ulturoo

151 520 154 525 ’
254 504 293 601 re
310 499 417 574 rebus
438 501 617 596 publicis,
634 502 851 598 priuatisque
873 498 1086 594 rationibus,
1104 495 1221 588 Graei

253 605 302 677 cir
320 623 468 678 utantur
484 608 603 680 literis.
633 610 679 680 Id
701 612 791 682 mihi
810 612 951 685 duabus
969 612 1017 684 de
1034 609 1223 686 causu'iri·
1279 660 1284 673 ι

254 716 601 806 slinrilsexridentum
634 721 736 814 quod
755 723 932 816 neque'in
950 724 1101 820 vulgum
1119 720 1220 796 disti·

253 827 391 920 plinam
412 827 526 901 efferri
544 832 678 920 velint,
704 856 826 927 neque
851 858 928 920 eos,
967 835 1031 925 qui
1042 833 1219 924 discant,

143 1033 146 1037 ,
248 928 366 1010 'literis
382 940 551 1033 confisos,
571 944 690 1015 minus
710 944 904 1015 memoriae
916 944 1083 1016 studere:
1109 943 1218 1038 qnod

251 1043 329 1119 sere
346 1049 527 1143 plerisque
546 1052 697 1140 accidit,
716 1069 757 1125 nt
774 1053 947 1147 praesidio
962 1054 1142 1125 literarum
1157 1051 1219 1122 di·

254 1140 471 1253 ligentiam
462 1180 500 1230 ru
525 1159 759 1254 perdiscendo
789 1176 845 1231 ac
855 1161 1067 1230 memoriam
1090 1158 1219 1230 remit·

244 1254 339 1337 'rant
368 1269 408 1340 ln
432 1270 554 1364 primis
575 1270 645 1341 hoc
664 1273 793 1341 v‘olunt
811 1268 1101 1363 persuadere,¹
1072 1292 1135 1339 non
1157 1271 1216 1339 in·

240 1380 355 1448 „tertre
377 1385 523 1456 animur,
544 1374 665 1474 sed-ad
684 1381 766 1450 aliis·
775 1381 846 1478 post
863 1367 1219 1450 mortemar-ausinae!

247 1488 362 1584 olim.-
389 1505 499 1580 atque
525 1490 595 1561 hoc
621 1489 776 1562 maxime
803 1488 850 1558 ad
871 1489 1041 1559 virtutem
1067 1485 1216 1557 excitari

247 1610 402 1690 putant,
428 1615 530 1670 metu
552 1599 676 1670 mortis
697 1594 871 1696 negledlo.
896 1599 1011 1670 Multa
1031 1592 1216 1691 'praeterea

148 1706 154 1730 “
254 1704 303 1776 de
326 1704 495 1777 fideribtn
519 1723 629 1801 atque
650 1732 774 1778 eorum
796 1725 919 1796 motu,
951 1706 998 1779 de
1022 1702 1148 1779 mundi
1171 1704 1216 1778 a'c

245 1810 428 1890 'terrarum
451 1818 721 1916 magnitudine,
746 1817 804 1889 'de
829 1842 948 1890 rerum
963 1806 1130 1903 natura,
1153 1815 1216 1888 ‘de

254 1924 419 1996 Deorum
436 1925 692 2022 immortalium
711 1928 748 1996 vi
769 1951 809 1998 ac
826 1929 997 2022 potestate
1014 1922 1215 2020 disputant,

191 2033 289 2127 15&
311 2034 491 2106 iuventuti
515 2035 714 2107 transdunn
739 2035 901 2108 Alterum
917 2059 1028 2134 genus
1041 2036 1088 2106 esi
1101 2033 1212 2127 Equi·

246 2135 347 2214 tum.
373 2146 455 2233 Hi,
477 2168 562 2215 cum
582 2147 631 2216 est
651 2147 751 2235 usus,
774 2165 884 2241 atque
902 2146 1050 2240 aliquod
1070 2146 1211 2218 bellum

255 2255 401 2343 incidit,
412 2252 529 2350 (quod
542 2272 626 2328 ante
644 2256 792 2328 Caesaris
808 2259 1007 2330 adventum
1019 2256 1091 2327 sere
1106 2266 1211 2349 quot·

252 2365 355 2434 annis
381 2363 540 2435 accidere
560 2363 712 2451 solebat,
740 2366 794 2436 uti
819 2382 882 2436 aut
903 2365 967 2458 ipsi
991 2364 1131 2435 iniurias
1152 2364 1212 2435 in-

164 2451 173 2475 ·
253 2472 389 2544 ferrent
403 2489 498 2561 ‚aut
514 2474 624 2544 illatas
633 2474 886 2568 'propulsarent
894 2468 925 2572 ‚)
948 2486 1071 2542 omnes'
1083 2471 1120 2540 in
1132 2471 1212 2541 bel-

182 2641 186 2648 .
254 2581 293 2652 lo
311 2581 510 2653 versantur:
530 2598 642 2676 atque
655 2607 787 2654 eorum
805 2599 848 2656 ut
869 2581 1023 2675 quisque
1043 2581 1090 2651 est
1105 2590 1212 2676 gene*

254 2716 295 2764 re
321 2692 505 2786 copiisque
528 2693 779 2788 amplissimus,
805 2693 854 2762 ita
866 2689 1052 2784 plurimos
1075 2689 1212 2761 circum

193 2818 200 2847 ¹
254 2801 290 2871 se
300 2795 478 2872 ambadlor
489 2802 706 2896 clientesque
727 2801 870 2873 habent.
899 2801 1005 2871 Hanc
1013 2821 1121 2870 unam
1135 2819 1212 2894 gra·⁸

192 2914 240 2990 16
255 2910 341 2983 tiam
362 2912 638 3004 potentiamque
661 2926 850 2980 noverunt.
886 2907 996 2980 Natio
1016 2905 1065 2976 est
1092 2905 1221 2993 omnir
1249 2960 1253 2966 .

254 3019 441 3092 Gallorum
464 3020 663 3092 admodum
685 3019 804 3090 dedita
820 3012 1074 3115 religionibus;
1096 3029 1209 3106 atque

254 3131 306 3202 'ob
338 3154 416 3203 eam
444 3132 606 3218 causam,
639 3130 704 3223 qui
734 3129 817 3200 sunt
847 3123 961 3199 asl'edli
992 3125 1212 3224 gravioribus

255 3243 410 3329 morbis,
423 3243 574 3335 'quique
592 3241 634 3312 in
658 3241 801 3336 proeliis
822 3234 1211 3337 periculisque'versan·

253 3369 333 3439 tut,
348 3371 410 3426 aut
426 3378 496 3447 pro
511 3346 660 3427 vidliinis
678 3353 841 3422 homines
863 3349 1072 3433 immolant,
1092 3362 1154 3418 aut
1171 3345 1209 3415 se

242 3461 502 3533 'immolaturos
529 3477 688 3547 vovent,
714 3459 995 3551 administrisque
1021 3457 1069 3528 ad
1094 3481 1134 3526 ea
1159 3456 1210 3527 sa·-
1307 3526 1309 3531 .

250 3568 381 3639 milicia
402 3567 599 3643 Druidibtls
620 3583 790 3650 utuntur3
812 3565 937 3658 quod,
959 3565 1025 3659 pro
1047 3566 1120 3635 vita
1141 3566 1211 3634 hd·

243 3678 360 3750 'minis
375 3678 440 3747 ulfi
460 3677 614 3751 hominis
631 3677 703 3748 vita
720 3676 905 3762 reddatur,
932 3697 1008 3750 nou
1029 3672 1124 3768 polle
1146 3673 1210 3751 ali,-

241 3786 496 3862 'aeneorum
526 3788 946 3889 immortalinm‘uumen
971 3782 1213 3892 placariarbi'-
