2632 4426
437 334 737 410 LIBERI.
1005 357 1063 438 ,31'

110 500 218 573 nium
239 514 377 571 mentes
407 499 617 592 animosque
644 498 874 592 perturbaret.
904 498 974 570 Hic
989 499 1064 592 pri·
1095 486 1106 497 ”

109 637 216 684 mum
232 628 328 683 ortus
343 613 390 681 est
405 637 425 681 a
443 612 593 682 tribunis
610 612 790 699 militum,
807 635 845 680 ac
861 597 1062 704 praesessio,
1102 621 1105 632 '
1130 659 1132 666 ·

109 722 347 814 reliquisque,
363 722 426 812 qui
440 745 487 790 ex
501 720 608 806 urbe,
628 717 801 790 amicitiae
811 720 929 806 causa,
945 719 1065 790 Caesa·

13 840 17 842 ’
109 855 187 900 rem
207 830 339 918 secuti,
360 856 532 928 magnum
556 831 757 924 periculum
787 826 1063 918 miserabantur,
1094 843 1104 851 ”

109 936 215 1029 quod
239 961 315 1006 non
339 961 510 1034 magnum
536 937 572 1006 in
599 962 637 1007 re
665 937 806 1010 militari
833 939 935 1009 usum
954 939 1065 1008 habe·

109 1047 211 1117 bant.
231 1048 400 1152 Quorum
420 1046 525 1132 alius,
548 1043 727 1117 aliacausa
738 1047 852 1133 illata,
877 1071 985 1139 quam
999 1047 1064 1117 sibi
1094 1065 1107 1071 “
1182 1127 1185 1134 p

110 1156 158 1227 ad
172 1156 470 1249 proficiscendum
498 1152 717 1227 necessariam
740 1156 806 1226 elle
826 1157 975 1245 diceret,
998 1185 1065 1253 pe·
1095 1181 1100 1193 ⁴

110 1265 229 1351 tebat,
254 1283 295 1335 ut
318 1268 390 1335 eins
411 1266 595 1335 voluntate
618 1263 796 1334 discedere
810 1268 947 1336 liceret:
970 1255 1070 1338 non⁴¹

109 1375 225 1461 nulli,
249 1376 389 1468 pudore
412 1371 579 1463 addudi,
606 1390 649 1444 ut
669 1374 804 1444 timoris
830 1374 1064 1468 suspicionem
1097 1392 1100 1395 ’

110 1483 290 1568 vitarent,
316 1483 555 1553 remanebant.
581 1483 630 1552 Hi
650 1506 771 1574 neque
789 1485 931 1553 vultum
957 1485 1066 1580 finge-

111 1613 169 1674 re,
203 1613 324 1680 neque
346 1589 529 1660 interdurn
554 1589 709 1660 lacrimas
737 1583 857 1659 te'nere
881 1605 1063 1681 poterant:

111 1701 228 1772 abditi
259 1701 296 1770 in
327 1701 558 1771 tabernaculis
580 1719 642 1770 aut
668 1701 770 1769 sunm
794 1697 909 1768 fatiam
934 1723 1069 1791 quere·
1097 1713 1098 1716 ’

112 1811 264 1897 bantur,
290 1826 350 1879 aut
363 1836 446 1880 cum
460 1810 688 1880 familiaribus
700 1807 766 1877 suis
788 1831 1064 1900 communepe·
1135 1805 1137 1810 ’

112 1917 267 1988 riculum
291 1916 556 1987 miserabantur.
580 1912 705 2011 Vulgo
729 1914 812 1984 totis
830 1915 942 1984 castris
964 1917 1065 1986 testa·
1069 1933 1097 2006 f

113 2019 235 2097 menta
253 2028 535 2153 obsignabantur.
560 2028 703 2098 Horum
716 2026 864 2096 vocibus
882 2025 1065 2096 aetimare
1114 2035 1117 2040 '

113 2138 300 2230 paullatim
325 2140 431 2208 etiam
447 2138 490 2225 ii,
512 2140 576 2231 qui
588 2163 759 2262 magnum
782 2139 826 2208 in
836 2119 947 2214 castris
961 2138 1064 2209 usum

113 2241 313 2334 habebant,
326 2249 454 2317 milites
464 2249 804 2341 ,centurionesque',
820 2248 1065 2339 quiqueequi·
1090 2264 1092 2269 ⁴

57 2401 59 2405 .
113 2355 203 2424 tatui
206 2373 426 2447 praeerant,
456 2354 765 2460 perturbabantur.
795 2344 872 2458 Qui
896 2353 931 2424 se
952 2380 996 2424 ex
1014 2357 1066 2428 his

113 2463 232 2533 minus
254 2463 398 2534 timidos
425 2460 611 2533 existimari
628 2463 817 2547 volebant,
848 2487 924 2532 non
946 2463 981 2533 se
998 2465 1067 2533 ho·

112 2572 200 2659 stem
227 2573 360 2659 vereri,
382 2572 442 2643 sed
461 2573 656 2671 angustias
648 2573 778 2643 1tineris
797 2572 829 2644 sc
844 2574 1066 2670 magnitudi-

113 2706 199 2752 nem
231 2682 417 2770 srlvarum,
454 2709 546 2777 quae
574 2683 836 2777 intercederent
861 2683 953 2753 inter
974 2683 1088 2778 ipsos

112 2784 224 2882 atque
249 2791 483 2878 Ariovistum,
519 2809 581 2864 ant
608 2812 683 2862 rem
714 2791 997 2879 frumentariam,
1025 2811 1067 2864 ut

113 2900 191 2971 satis
215 2903 409 2990 commode
438 2904 634 2996 supportari
661 2902 790 2996 posset,
822 2905 947 2974 timere
971 2905 1067 2974 dice-

112 3009 211 3078 bant.
223 3008 408 3103 Nonnulli
425 3012 530 3082 etiam
545 3013 679 3107 Caesari
696 3013 959 3100 renuntiabant,
980 3037 1066 3084 cum

113 3122 217 3192 castra
240 3122 379 3193 moveri
395 3146 434 3192 ac
447 3123 538 3218 signa
555 3121 634 3194 ferri
654 3121 790 3191 iullrllet
803 3175 812 3208 ,
827 3149 903 3194 non
922 3125 997 3195 sore
1012 3126 1066 3195 di·
1162 3102 1164 3132 ³

114 3219 172 3298 sio
198 3229 381 3320 audientes
408 3232 557 3319 milites,
581 3255 648 3302 nec
673 3249 820 3324 propter
837 3235 1004 3305 timorem
1023 3236 1066 3305 sr-

112 3364 184 3436 gna,
195 3344 334 3411 laturos.
357 3342 455 3411 Haec
483 3366 566 3413 cum
590 3343 908 3431 animadvertisset,
930 3351 1064 3416 convo*
1081 3367 1131 3434 40

112 3464 192 3516 cato
211 3449 355 3519 consilio
370 3501 380 3534 ,
394 3450 644 3542 'omniumque
664 3450 832 3522 ordinum
853 3455 898 3523 ad
922 3455 959 3523 id
981 3478 1071 3529 c0n·,

112 3555 227 3624 silium
250 3557 417 3627 adhibitis
443 3559 725 3645 centurioribus,
757 3563 986 3634 uehementer
1006 3588 1065 3632 eos

112 3663 300 3733 incusavit:
320 3671 480 3763 primum,
500 3669 602 3762 quod,
618 3687 676 3737 aut
692 3695 785 3764 quam
799 3660 987 3767 inportant,
1007 3687 1066 3740 aut
1136 3696 1137 3700 ’

110 3773 172 3886 φφ
203 3777 325 3873 corfilio
348 3763 556 3870 ducerentur.
568 3779 641 3873 fibi
662 3782 876 3875 quaerendum
898 3799 956 3850 aut
979 3784 1068 3874 cogi·
