2632 4426
462 350 768 469 LLLLLL
908 409 911 415 .
1044 360 1091 508 33

140 510 222 601 etis,
246 512 509 613 eolegionarios
531 511 658 580 milites
670 513 816 608 legionis
839 513 1016 604 decimae,
1031 518 1090 619 cui

140 639 251 716 quam
274 624 427 694 maxime
447 622 673 710 confidebat,
699 624 900 717 imponere,
927 646 968 697 ut
989 629 1092 721 praei

140 736 268 816 fidium
291 759 398 826 quarn
429 675 692 818 amicifflmutti,
714 734 737 802 fi
768 735 857 826 qnid
883 732 974 806 fado
1001 762 1092 841 opus

142 845 244 932 esset,
263 846 416 915 haberet.
440 843 551 945 Quod
574 866 657 913 cum
678 845 798 932 fieret,
820 869 891 915 non
914 828 1093 918 inidicule
1129 914 1132 939 ¹

143 956 293 1047 quidam
325 979 371 1024 ex
403 953 575 1023 militibus
606 951 763 1022 decimae
798 957 959 1053 legionis
979 957 1089 1029 dixit.

141 1064 251 1139 Pius
276 1089 371 1160 quom
396 1063 477 1159 poll
464 1067 560 1138 teitus
590 1062 681 1157 effet.
716 1064 880 1155 Caesarem
904 1093 932 1138 er
926 1051 1093 1166 ‘ifacere

139 1175 334 1272 pollicitum,
348 1172 427 1263 se
414 1197 446 1240 m
478 1171 618 1239 cohortis
638 1178 821 1268 praetoriae
850 1178 914 1247 Ioco
939 1170 1092 1281 decimam

143 1285 296 1378 legionem
312 1283 515 1355 habitorumr
533 1308 617 1351 nunc
632 1284 676 1351 od
691 1308 802 1379 equum
819 1289 994 1380 rescribere.
1017 1291 1093 1360 Pla'a
1105 1306 1150 1382 43

141 1394 249 1464 nicies
275 1411 348 1463 erat
370 1416 520 1489 magna,
535 1391 567 1462 8c
584 1392 621 1459 in
638 1417 677 1461 ea
689 1397 848 1464 tumulus
871 1413 1002 1470 terreus
1015 1402 1093 1473 satis

138 1503 289 1601 ’grandia
326 1501 394 1573 Hic
415 1501 514 1571 locus
528 1524 658 1592 aequo
680 1499 762 1570 fere'
774 1503 884 1594 spatio
909 1507 955 1576 ab
980 1511 1093 1584 castris

141 1610 301 1702 utrisque
314 1607 440 1678 aberat.
465 1607 537 1692 Eo,
566 1623 607 1676 ut
633 1626 704 1678 erat
727 1604 891 1706 dietum,
910 1613 955 1682 ad
979 1617 1087 1686 collo·

139 1714 273 1806 ‘quium
290 1722 478 1783 venerunt:
504 1710 696 1808 Legionem
713 1711 852 1801 Caesar,
865 1741 972 1808 quam
992 1720 1095 1814 equis
1126 1732 1132 1743 '

143 1824 356 1908 devexerat,
395 1820 544 1914 paffibus
581 1821 745 1893 ducentis
782 1824 827 1894 ab
869 1851 912 1897 eo
947 1833 1094 1902 tumulo
1177 1876 1182 1885 -

137 1934 330 2006 constituit.
356 1932 448 2003 Item
474 1932 611 2023 equites
629 1931 791 2004 Ariovisti
798 1938 884 2058 'pari
904 1937 1094 2024 intervallo

70 2066 76 2076 '
137 2043 385 2116 constiterunt.
416 2041 623 2129 Ariovistus,
651 2067 697 2111 ex
722 2043 823 2140 equis
846 2062 886 2116 ut
906 2050 1095 2141 colloque·

139 2173 284 2240 nentur,
309 2153 364 2239 8c,
393 2168 537 2243 praeter
543 2150 597 2236 se,
624 2143 734 2222 denoi
754 2169 794 2222 ut
807 2154 851 2222 ad
865 2159 1091 2249 colleqnium

136 2259 590 2350 'adducerent,p0stulavit.
618 2254 686 2325 Ubi
700 2282 743 2327 eo
754 2278 904 2332 ventum
920 2265 967 2332 est
979 2265 1092 2351 ‚Cae-

135 2368 308 2439 samnitio
322 2367 487 2436 orationis
504 2364 564 2435 sua
585 2364 826 2458 senatusque
816 2393 954 2441 meum
981 2376 1092 2446 bene·
1124 2413 1127 2419 ·
1303 2459 1307 2466 ,

59 2507 63 2514 ‘
137 2477 222 2547 ficia
246 2474 557 2559 commemoravit,
590 2473 692 2565 quod
714 2499 777 2543 rex
792 2479 987 2570 appellatus
1008 2472 1118 2576 effet'
1191 2527 1194 2532 ·

143 2586 315 2670 asenatu,
340 2584 442 2678 quod
464 2583 615 2669 amic'us,
640 2584 741 2675 quod
760 2609 908 2656 munera
929 2592 1093 2682 ampiissi-

132 2682 202 2767 ⁴¹ma
224 2693 347 2779 miffa3
385 2718 494 2786 quam
522 2717 597 2762 rem
628 2693 660 2764 8c
690 2695 808 2786 paucis
833 2697 1033 2793 contigisse,
1058 2700 1099 2780 δι’

133 2830 210 2900 pro
236 2806 370 2899 magnis
394 2803 582 2873 hominum
615 2803 733 2873 officiis
769 2806 945 2878 consneiie
979 2812 1100 2885 tnbui-

135 2911 296 2984 'docebat
307 2938 316 2987 ;
329 2912 452 2996 illum,
476 2935 559 2980 cum
574 2934 693 3002 neque
711 2913 848 2984 aditum
860 2967 871 3004 ,
885 2940 1004 3011 neque
1016 2946 1093 2994 cau·

142 3025 215 3094 sam
238 3019 436 3115 postulandi
459 3020 580 3091 instem
608 3023 776 3112 habetet,
800 3023 975 3121 beneficio
993 3055 1032 3100 ac
1048 3031 1091 3101 li-

130 3135 327 3206 'beralitate
355 3129 414 3200 sua
444 3153 483 3199 ac
508 3130 661 3201 senatus·
676 3157 716 3202 ea
742 3136 897 3226 praemia
924 3139 1094 3213 consecti·

138 3261 238 3328 ,tum
265 3237 429 3311 Docebat
447 3238 552 3308 etiam
564 3263 707 3331 ,quam
724 3258 877 3332 veteres,
906 3270 1092 3342 quamque

145 3353 253 3423 iustae
273 3349 392 3421 causae
405 3289 665 3420 neceffittidinis
684 3351 763 3445 ipsis
783 3379 866 3424 cum
886 3356 1045 3430 Aeduis
1038 3383 1094 3428 Ln-

132 3459 388 3542 .⁴tercedetent;
433 3479 525 3547 quae
563 3456 891 3547 senatusconsulta,
926 3466 1092 3592 quoties,

53 3658 60 3676 λ
142 3582 330 3665 quamque
343 3569 560 3640 honorifica
552 3583 663 3641 ineos
672 3567 768 3641 feda
782 3570 908 3658 effent3
934 3590 975 3643 ut
992 3575 1093 3675 omni

126 3697 309 3771 tempore
336 3679 446 3747 totius
472 3678 605 3748 Galliae
635 3669 874 3771 principatum
897 3681 1016 3752 Aedui
1040 3702 1095 3756 te·

143 3784 326 3873 nuiffent',
337 3786 434 3878 prius
454 3788 580 3872 etiam,
608 3808 718 3878 quam
731 3787 881 3864 nostram
902 3790 1094 3866 amicitia'm

803 3882 902 3958 CL

448 4073 464 4118 χ
497 4075 500 4080 ,
