<?xml version="1.0" encoding="UTF-8"?>
<!DOCTYPE html PUBLIC "-//W3C//DTD XHTML 1.0 Transitional//EN"
    "http://www.w3.org/TR/xhtml1/DTD/xhtml1-transitional.dtd">
<html xmlns="http://www.w3.org/1999/xhtml" xml:lang="en" lang="en">
 <head>
  <title>
</title>
<meta http-equiv="Content-Type" content="text/html;charset=utf-8" />
  <meta name='ocr-system' content='tesseract 3.04.00' />
  <meta name='ocr-capabilities' content='ocr_page ocr_carea ocr_par ocr_line ocrx_word'/>
</head>
<body>
  <div class='ocr_page' id='page_1' title='image "./ciuliicaesarisd00bipogoog_0122.png"; bbox 0 0 2632 4426; ppageno 0'>
   <div class='ocr_carea' id='block_1_1' title="bbox 12 359 1150 3801">
    <p class='ocr_par' dir='ltr' id='par_1_1' title="bbox 51 359 1150 1714">
     <span class='ocr_line' id='line_1_1' title="bbox 434 359 1069 464; baseline 0.014 -29"><span class='ocrx_word' id='word_1_1' title='bbox 434 364 504 435; x_wconf 92' lang='lat' dir='ltr'>LI</span> <span class='ocrx_word' id='word_1_2' title='bbox 528 359 663 435; x_wconf 76' lang='lat' dir='ltr'>B&#39;ER</span> <span class='ocrx_word' id='word_1_3' title='bbox 711 366 737 433; x_wconf 88' lang='grc' dir='ltr'>Ι.</span> <span class='ocrx_word' id='word_1_4' title='bbox 975 420 978 425; x_wconf 67' lang='grc'><em>»</em></span> <span class='ocrx_word' id='word_1_5' title='bbox 1021 391 1069 464; x_wconf 86' lang='lat'>27</span> 
     </span>
     <span class='ocr_line' id='line_1_2' title="bbox 55 523 1068 618; baseline 0.003 -22"><span class='ocrx_word' id='word_1_6' title='bbox 55 537 60 568; x_wconf 79' lang='lat'><em>³</em></span> <span class='ocrx_word' id='word_1_7' title='bbox 107 526 252 596; x_wconf 81' lang='lat' dir='ltr'>&#39;animos</span> <span class='ocrx_word' id='word_1_8' title='bbox 264 523 377 594; x_wconf 89' lang='lat' dir='ltr'>verbis</span> <span class='ocrx_word' id='word_1_9' title='bbox 390 525 634 611; x_wconf 87' lang='lat' dir='ltr'>confirmavit,</span> <span class='ocrx_word' id='word_1_10' title='bbox 649 526 904 618; x_wconf 84' lang='lat' dir='ltr'><strong>pollicitusque</strong></span> <span class='ocrx_word' id='word_1_11' title='bbox 919 526 987 614; x_wconf 86' lang='lat' dir='ltr'>est,</span> <span class='ocrx_word' id='word_1_12' title='bbox 1003 528 1068 599; x_wconf 87' lang='lat' dir='ltr'>fibi</span> 
     </span>
     <span class='ocr_line' id='line_1_3' title="bbox 51 632 1067 730; baseline 0.005 -27"><span class='ocrx_word' id='word_1_13' title='bbox 51 640 58 647; x_wconf 85' lang='lat'>&#39;</span> <span class='ocrx_word' id='word_1_14' title='bbox 111 657 192 703; x_wconf 83' lang='lat' dir='ltr'>eam</span> <span class='ocrx_word' id='word_1_15' title='bbox 224 657 300 704; x_wconf 92' lang='lat' dir='ltr'>rem</span> <span class='ocrx_word' id='word_1_16' title='bbox 333 657 435 702; x_wconf 89' lang='lat' dir='ltr'>curae</span> <span class='ocrx_word' id='word_1_17' title='bbox 463 632 842 730; x_wconf 11' lang='lat' dir='ltr'>futuramzumaguam</span> <span class='ocrx_word' id='word_1_18' title='bbox 873 637 908 706; x_wconf 92' lang='lat' dir='ltr'>se</span> <span class='ocrx_word' id='word_1_19' title='bbox 936 636 1067 708; x_wconf 85' lang='lat' dir='ltr'>habere</span> 
     </span>
     <span class='ocr_line' id='line_1_4' title="bbox 56 736 1150 834; baseline 0.008 -22"><span class='ocrx_word' id='word_1_20' title='bbox 56 785 59 790; x_wconf 94' lang='lat'>·</span> <span class='ocrx_word' id='word_1_21' title='bbox 110 743 231 834; x_wconf 77' lang='lat' dir='ltr'>spem,</span> <span class='ocrx_word' id='word_1_22' title='bbox 256 742 479 812; x_wconf 77' lang='lat' dir='ltr'>&amp;beneficio</span> <span class='ocrx_word' id='word_1_23' title='bbox 498 741 560 811; x_wconf 92' lang='lat' dir='ltr'>suo</span> <span class='ocrx_word' id='word_1_24' title='bbox 584 742 616 814; x_wconf 89' lang='lat' dir='ltr'>8c</span> <span class='ocrx_word' id='word_1_25' title='bbox 642 736 847 812; x_wconf 72' lang='lat' dir='ltr'>audioritate</span> <span class='ocrx_word' id='word_1_26' title='bbox 868 743 1069 818; x_wconf 73' lang='lat' dir='ltr'>addudiurn</span> <span class='ocrx_word' id='word_1_27' title='bbox 1146 807 1150 821; x_wconf 71' lang='grc'>,</span> 
     </span>
     <span class='ocr_line' id='line_1_5' title="bbox 53 848 1070 946; baseline 0.004 -24"><span class='ocrx_word' id='word_1_28' title='bbox 53 864 60 870; x_wconf 88' lang='grc'>”</span> <span class='ocrx_word' id='word_1_29' title='bbox 111 851 352 937; x_wconf 85' lang='lat' dir='ltr'>Ariovistum,</span> <span class='ocrx_word' id='word_1_30' title='bbox 379 851 487 920; x_wconf 85' lang='lat' dir='ltr'>finem</span> <span class='ocrx_word' id='word_1_31' title='bbox 513 851 646 946; x_wconf 82' lang='lat' dir='ltr'>iniuriis</span> <span class='ocrx_word' id='word_1_32' title='bbox 668 848 856 922; x_wconf 77' lang='lat' dir='ltr'>saslurum.</span> <span class='ocrx_word' id='word_1_33' title='bbox 894 855 971 924; x_wconf 92' lang='lat' dir='ltr'>Hac</span> <span class='ocrx_word' id='word_1_34' title='bbox 993 880 1070 929; x_wconf 79' lang='lat' dir='ltr'>ora·</span> 
     </span>
     <span class='ocr_line' id='line_1_6' title="bbox 52 961 1068 1046; baseline 0.005 -13"><span class='ocrx_word' id='word_1_35' title='bbox 52 986 56 997; x_wconf 85' lang='lat'>·</span> <span class='ocrx_word' id='word_1_36' title='bbox 111 964 213 1033; x_wconf 86' lang='lat' dir='ltr'>tione</span> <span class='ocrx_word' id='word_1_37' title='bbox 239 961 380 1046; x_wconf 83' lang='lat' dir='ltr'>habita,</span> <span class='ocrx_word' id='word_1_38' title='bbox 408 961 602 1032; x_wconf 88' lang='lat' dir='ltr'>concilium</span> <span class='ocrx_word' id='word_1_39' title='bbox 629 962 767 1033; x_wconf 79' lang='lat' dir='ltr'>dimisti.</span> <span class='ocrx_word' id='word_1_40' title='bbox 799 963 843 1034; x_wconf 90' lang='lat' dir='ltr'>Et</span> <span class='ocrx_word' id='word_1_41' title='bbox 867 964 1068 1039; x_wconf 88' lang='lat' dir='ltr'>secundum</span> 
     </span>
     <span class='ocr_line' id='line_1_7' title="bbox 51 1070 1068 1166; baseline 0.006 -24"><span class='ocrx_word' id='word_1_42' title='bbox 51 1086 64 1147; x_wconf 74' lang='grc'>“-,</span> <span class='ocrx_word' id='word_1_43' title='bbox 109 1097 153 1143; x_wconf 86' lang='lat' dir='ltr'>ea</span> <span class='ocrx_word' id='word_1_44' title='bbox 168 1073 303 1142; x_wconf 81' lang='lat' dir='ltr'>multae</span> <span class='ocrx_word' id='word_1_45' title='bbox 322 1095 376 1140; x_wconf 90' lang='lat' dir='ltr'>res</span> <span class='ocrx_word' id='word_1_46' title='bbox 397 1095 481 1141; x_wconf 88' lang='lat' dir='ltr'>eum</span> <span class='ocrx_word' id='word_1_47' title='bbox 503 1070 756 1160; x_wconf 84' lang='lat' dir='ltr'>hortabantur,</span> <span class='ocrx_word' id='word_1_48' title='bbox 787 1099 896 1166; x_wconf 85' lang='lat' dir='ltr'>quare</span> <span class='ocrx_word' id='word_1_49' title='bbox 912 1075 1068 1148; x_wconf 87' lang='lat' dir='ltr'>srbieam</span> 
     </span>
     <span class='ocr_line' id='line_1_8' title="bbox 62 1179 1068 1280; baseline 0.004 -28"><span class='ocrx_word' id='word_1_50' title='bbox 62 1225 65 1231; x_wconf 93' lang='lat'>·</span> <span class='ocrx_word' id='word_1_51' title='bbox 108 1202 189 1252; x_wconf 86' lang='lat' dir='ltr'>rem</span> <span class='ocrx_word' id='word_1_52' title='bbox 211 1180 482 1276; x_wconf 74' lang='lat' dir='ltr'>cogitandam&amp;</span> <span class='ocrx_word' id='word_1_53' title='bbox 501 1179 758 1272; x_wconf 84' lang='lat' dir='ltr'>suscipiendam</span> <span class='ocrx_word' id='word_1_54' title='bbox 776 1199 935 1276; x_wconf 81' lang='lat' dir='ltr'>putaret3</span> <span class='ocrx_word' id='word_1_55' title='bbox 955 1185 1068 1280; x_wconf 88' lang='lat' dir='ltr'>inpri-</span> 
     </span>
     <span class='ocr_line' id='line_1_9' title="bbox 110 1289 1067 1389; baseline 0.005 -28"><span class='ocrx_word' id='word_1_56' title='bbox 110 1293 203 1377; x_wconf 87' lang='lat' dir='ltr'>mis,</span> <span class='ocrx_word' id='word_1_57' title='bbox 218 1289 321 1381; x_wconf 93' lang='lat' dir='ltr'>quod</span> <span class='ocrx_word' id='word_1_58' title='bbox 335 1290 479 1384; x_wconf 78' lang='lat' dir='ltr'>Aeduos</span> <span class='ocrx_word' id='word_1_59' title='bbox 490 1341 500 1375; x_wconf 92' lang='lat'>‚</span> <span class='ocrx_word' id='word_1_60' title='bbox 513 1289 630 1360; x_wconf 84' lang='lat' dir='ltr'>sratres</span> <span class='ocrx_word' id='word_1_61' title='bbox 641 1290 990 1389; x_wconf 85' lang='lat' dir='ltr'>consanguineosque</span> <span class='ocrx_word' id='word_1_62' title='bbox 1001 1295 1067 1366; x_wconf 91' lang='lat' dir='ltr'>sae·</span> 
     </span>
     <span class='ocr_line' id='line_1_10' title="bbox 104 1397 1066 1493; baseline 0.006 -25"><span class='ocrx_word' id='word_1_63' title='bbox 104 1421 314 1493; x_wconf 88' lang='lat' dir='ltr'>penumero</span> <span class='ocrx_word' id='word_1_64' title='bbox 335 1397 381 1466; x_wconf 90' lang='lat' dir='ltr'>ab</span> <span class='ocrx_word' id='word_1_65' title='bbox 395 1397 516 1466; x_wconf 89' lang='lat' dir='ltr'>senatu</span> <span class='ocrx_word' id='word_1_66' title='bbox 538 1399 753 1490; x_wconf 88' lang='lat' dir='ltr'>appellatos,</span> <span class='ocrx_word' id='word_1_67' title='bbox 783 1403 820 1469; x_wconf 92' lang='lat' dir='ltr'>in</span> <span class='ocrx_word' id='word_1_68' title='bbox 833 1399 998 1472; x_wconf 88' lang='lat' dir='ltr'>servitute</span> <span class='ocrx_word' id='word_1_69' title='bbox 1013 1423 1066 1475; x_wconf 85' lang='lat' dir='ltr'>at-</span> 
     </span>
     <span class='ocr_line' id='line_1_11' title="bbox 105 1505 1123 1602; baseline 0.003 -23"><span class='ocrx_word' id='word_1_70' title='bbox 105 1532 187 1602; x_wconf 78' lang='lat' dir='ltr'>&#39;que</span> <span class='ocrx_word' id='word_1_71' title='bbox 204 1509 241 1577; x_wconf 90' lang='lat' dir='ltr'>in</span> <span class='ocrx_word' id='word_1_72' title='bbox 255 1507 392 1576; x_wconf 86' lang='lat' dir='ltr'>ditione</span> <span class='ocrx_word' id='word_1_73' title='bbox 408 1505 553 1576; x_wconf 87' lang='lat' dir='ltr'>videbat</span> <span class='ocrx_word' id='word_1_74' title='bbox 576 1505 836 1579; x_wconf 87' lang='lat' dir='ltr'>Germanorum</span> <span class='ocrx_word' id='word_1_75' title='bbox 850 1511 986 1597; x_wconf 87' lang='lat' dir='ltr'>teneri,</span> <span class='ocrx_word' id='word_1_76' title='bbox 1002 1535 1065 1581; x_wconf 85' lang='lat' dir='ltr'>eo·</span> <span class='ocrx_word' id='word_1_77' title='bbox 1120 1590 1123 1597; x_wconf 55' lang='grc'><em>,</em></span> 
     </span>
     <span class='ocr_line' id='line_1_12' title="bbox 107 1616 1066 1714; baseline -0.001 -23"><span class='ocrx_word' id='word_1_78' title='bbox 107 1643 267 1711; x_wconf 88' lang='lat' dir='ltr'>rumque</span> <span class='ocrx_word' id='word_1_79' title='bbox 287 1617 422 1687; x_wconf 83' lang='lat' dir='ltr'>obsides</span> <span class='ocrx_word' id='word_1_80' title='bbox 448 1616 513 1688; x_wconf 85' lang='lat' dir='ltr'>esse</span> <span class='ocrx_word' id='word_1_81' title='bbox 530 1618 627 1711; x_wconf 86' lang='lat' dir='ltr'>apud</span> <span class='ocrx_word' id='word_1_82' title='bbox 645 1617 857 1690; x_wconf 83' lang='lat' dir='ltr'>Ariovistum</span> <span class='ocrx_word' id='word_1_83' title='bbox 878 1645 917 1691; x_wconf 87' lang='lat' dir='ltr'>ac</span> <span class='ocrx_word' id='word_1_84' title='bbox 932 1620 1066 1714; x_wconf 82' lang='lat' dir='ltr'>Sequa·</span> 
     </span>
    </p>

    <p class='ocr_par' dir='ltr' id='par_1_2' title="bbox 100 1726 1064 2698">
     <span class='ocr_line' id='line_1_13' title="bbox 102 1726 1064 1823; baseline 0.002 -25"><span class='ocrx_word' id='word_1_85' title='bbox 102 1751 177 1798; x_wconf 73' lang='lat' dir='ltr'>‘nos</span> <span class='ocrx_word' id='word_1_86' title='bbox 201 1726 443 1822; x_wconf 83' lang='lat' dir='ltr'>intelligebat:</span> <span class='ocrx_word' id='word_1_87' title='bbox 471 1727 623 1819; x_wconf 90' lang='lat' dir='ltr'>quodin</span> <span class='ocrx_word' id='word_1_88' title='bbox 647 1745 748 1798; x_wconf 88' lang='lat' dir='ltr'>tanto</span> <span class='ocrx_word' id='word_1_89' title='bbox 762 1728 917 1822; x_wconf 88' lang='lat' dir='ltr'>imperio</span> <span class='ocrx_word' id='word_1_90' title='bbox 934 1731 1064 1823; x_wconf 91' lang='lat' dir='ltr'>populi</span> 
     </span>
     <span class='ocr_line' id='line_1_14' title="bbox 105 1836 1064 1929; baseline -0.003 -19"><span class='ocrx_word' id='word_1_91' title='bbox 105 1837 264 1910; x_wconf 79' lang='lat' dir='ltr'>Romani</span> <span class='ocrx_word' id='word_1_92' title='bbox 288 1837 526 1929; x_wconf 76' lang='lat' dir='ltr'>turpissimum</span> <span class='ocrx_word' id='word_1_93' title='bbox 547 1836 611 1906; x_wconf 87' lang='lat' dir='ltr'>libi</span> <span class='ocrx_word' id='word_1_94' title='bbox 631 1837 664 1907; x_wconf 75' lang='lat' dir='ltr'>lc</span> <span class='ocrx_word' id='word_1_95' title='bbox 688 1837 902 1929; x_wconf 86' lang='lat' dir='ltr'>reipublicae</span> <span class='ocrx_word' id='word_1_96' title='bbox 926 1836 991 1908; x_wconf 83' lang='lat' dir='ltr'>esse</span> <span class='ocrx_word' id='word_1_97' title='bbox 1008 1862 1064 1907; x_wconf 87' lang='lat' dir='ltr'>ar-</span> 
     </span>
     <span class='ocr_line' id='line_1_15' title="bbox 110 1946 1064 2045; baseline 0.003 -27"><span class='ocrx_word' id='word_1_98' title='bbox 110 1947 318 2018; x_wconf 87' lang='lat' dir='ltr'>bitrabatur.</span> <span class='ocrx_word' id='word_1_99' title='bbox 344 1946 543 2018; x_wconf 88' lang='lat' dir='ltr'>Paullatim</span> <span class='ocrx_word' id='word_1_100' title='bbox 553 1962 674 2021; x_wconf 86' lang='lat' dir='ltr'>autem</span> <span class='ocrx_word' id='word_1_101' title='bbox 701 1946 896 2045; x_wconf 79' lang='lat' dir='ltr'>Germanos</span> <span class='ocrx_word' id='word_1_102' title='bbox 917 1949 1064 2020; x_wconf 82' lang='lat' dir='ltr'>consue·</span> 
     </span>
     <span class='ocr_line' id='line_1_16' title="bbox 100 2056 1063 2161; baseline 0.004 -33"><span class='ocrx_word' id='word_1_103' title='bbox 100 2056 204 2131; x_wconf 82' lang='lat' dir='ltr'>¹scere</span> <span class='ocrx_word' id='word_1_104' title='bbox 221 2058 386 2129; x_wconf 87' lang='lat' dir='ltr'>Rhenum</span> <span class='ocrx_word' id='word_1_105' title='bbox 422 2058 583 2144; x_wconf 83' lang='lat' dir='ltr'>transire,</span> <span class='ocrx_word' id='word_1_106' title='bbox 605 2057 637 2129; x_wconf 87' lang='lat' dir='ltr'>8c</span> <span class='ocrx_word' id='word_1_107' title='bbox 667 2057 705 2126; x_wconf 91' lang='lat' dir='ltr'>in</span> <span class='ocrx_word' id='word_1_108' title='bbox 726 2058 875 2161; x_wconf 83' lang='lat' dir='ltr'>Galliam</span> <span class='ocrx_word' id='word_1_109' title='bbox 896 2082 1063 2158; x_wconf 87' lang='lat' dir='ltr'>magnam</span> 
     </span>
     <span class='ocr_line' id='line_1_17' title="bbox 102 2167 1062 2261; baseline 0 -20"><span class='ocrx_word' id='word_1_110' title='bbox 102 2188 238 2241; x_wconf 70' lang='lat' dir='ltr'>eorum</span> <span class='ocrx_word' id='word_1_111' title='bbox 266 2169 541 2240; x_wconf 88' lang='lat' dir='ltr'>multitudinem</span> <span class='ocrx_word' id='word_1_112' title='bbox 564 2167 703 2252; x_wconf 84' lang='lat' dir='ltr'>venire,</span> <span class='ocrx_word' id='word_1_113' title='bbox 734 2169 873 2261; x_wconf 91' lang='lat' dir='ltr'>populo</span> <span class='ocrx_word' id='word_1_114' title='bbox 897 2169 1062 2242; x_wconf 89' lang='lat' dir='ltr'>Romano</span> 
     </span>
     <span class='ocr_line' id='line_1_18' title="bbox 103 2274 1061 2372; baseline 0.003 -23"><span class='ocrx_word' id='word_1_115' title='bbox 103 2274 347 2372; x_wconf 81' lang='lat' dir='ltr'>&#39;periculosum</span> <span class='ocrx_word' id='word_1_116' title='bbox 361 2277 524 2348; x_wconf 89' lang='lat' dir='ltr'>videbat:</span> <span class='ocrx_word' id='word_1_117' title='bbox 537 2299 658 2367; x_wconf 91' lang='lat' dir='ltr'>neque</span> <span class='ocrx_word' id='word_1_118' title='bbox 672 2275 734 2345; x_wconf 87' lang='lat' dir='ltr'>fibi</span> <span class='ocrx_word' id='word_1_119' title='bbox 749 2276 911 2348; x_wconf 87' lang='lat' dir='ltr'>homines</span> <span class='ocrx_word' id='word_1_120' title='bbox 920 2278 1061 2371; x_wconf 79' lang='lat' dir='ltr'>ferorae</span> 
     </span>
     <span class='ocr_line' id='line_1_19' title="bbox 101 2377 1061 2479; baseline -0.001 -23"><span class='ocrx_word' id='word_1_121' title='bbox 101 2377 277 2458; x_wconf 84' lang='lat' dir='ltr'>barbaros</span> <span class='ocrx_word' id='word_1_122' title='bbox 296 2382 551 2479; x_wconf 88' lang='lat' dir='ltr'>temperaturos</span> <span class='ocrx_word' id='word_1_123' title='bbox 568 2385 808 2472; x_wconf 82' lang='lat' dir='ltr'>existimabat,</span> <span class='ocrx_word' id='word_1_124' title='bbox 836 2389 951 2477; x_wconf 88' lang='lat' dir='ltr'>quin,</span> <span class='ocrx_word' id='word_1_125' title='bbox 974 2413 1061 2463; x_wconf 83' lang='lat' dir='ltr'>cum</span> 
     </span>
     <span class='ocr_line' id='line_1_20' title="bbox 101 2492 1061 2587; baseline 0.003 -21"><span class='ocrx_word' id='word_1_126' title='bbox 101 2521 259 2568; x_wconf 83' lang='lat' dir='ltr'>omnem</span> <span class='ocrx_word' id='word_1_127' title='bbox 293 2496 442 2568; x_wconf 87' lang='lat' dir='ltr'>Galliam</span> <span class='ocrx_word' id='word_1_128' title='bbox 466 2492 709 2587; x_wconf 85' lang='lat' dir='ltr'>occupassent,</span> <span class='ocrx_word' id='word_1_129' title='bbox 746 2511 799 2564; x_wconf 91' lang='lat' dir='ltr'>ut.</span> <span class='ocrx_word' id='word_1_130' title='bbox 813 2513 895 2565; x_wconf 86' lang='lat' dir='ltr'>ante</span> <span class='ocrx_word' id='word_1_131' title='bbox 923 2495 1061 2569; x_wconf 90' lang='lat' dir='ltr'>Cimbri</span> 
     </span>
     <span class='ocr_line' id='line_1_21' title="bbox 101 2601 1059 2698; baseline 0.001 -24"><span class='ocrx_word' id='word_1_132' title='bbox 101 2604 345 2698; x_wconf 78' lang='lat' dir='ltr'>Teutonique</span> <span class='ocrx_word' id='word_1_133' title='bbox 373 2601 551 2691; x_wconf 79' lang='lat' dir='ltr'>fecissent,</span> <span class='ocrx_word' id='word_1_134' title='bbox 582 2604 620 2671; x_wconf 89' lang='lat' dir='ltr'>iu</span> <span class='ocrx_word' id='word_1_135' title='bbox 651 2602 873 2672; x_wconf 87' lang='lat' dir='ltr'>Provinciam</span> <span class='ocrx_word' id='word_1_136' title='bbox 903 2604 1059 2695; x_wconf 84' lang='lat' dir='ltr'>exirent,</span> 
     </span>
    </p>

    <p class='ocr_par' dir='ltr' id='par_1_3' title="bbox 12 2713 1060 3036">
     <span class='ocr_line' id='line_1_22' title="bbox 12 2713 1060 2811; baseline -0.002 -23"><span class='ocrx_word' id='word_1_137' title='bbox 12 2793 16 2803; x_wconf 51' lang='grc'>,</span> <span class='ocrx_word' id='word_1_138' title='bbox 39 2737 42 2742; x_wconf 74' lang='grc'>’</span> <span class='ocrx_word' id='word_1_139' title='bbox 99 2735 220 2811; x_wconf 75' lang='lat' dir='ltr'>⁴atque</span> <span class='ocrx_word' id='word_1_140' title='bbox 234 2715 319 2786; x_wconf 90' lang='lat' dir='ltr'>inde</span> <span class='ocrx_word' id='word_1_141' title='bbox 336 2716 374 2786; x_wconf 91' lang='lat' dir='ltr'>in</span> <span class='ocrx_word' id='word_1_142' title='bbox 394 2715 530 2785; x_wconf 87' lang='lat' dir='ltr'>Italiam</span> <span class='ocrx_word' id='word_1_143' title='bbox 553 2713 829 2790; x_wconf 88' lang='lat' dir='ltr'>contenderent;</span> <span class='ocrx_word' id='word_1_144' title='bbox 856 2715 1060 2806; x_wconf 87' lang='lat' dir='ltr'>praesertim</span> 
     </span>
     <span class='ocr_line' id='line_1_23' title="bbox 100 2822 1060 2916; baseline 0.001 -21"><span class='ocrx_word' id='word_1_145' title='bbox 100 2850 195 2898; x_wconf 79' lang='lat' dir='ltr'>cum</span> <span class='ocrx_word' id='word_1_146' title='bbox 210 2823 393 2916; x_wconf 82' lang='lat' dir='ltr'>Sequanos</span> <span class='ocrx_word' id='word_1_147' title='bbox 409 2848 433 2902; x_wconf 84' lang='lat' dir='ltr'>a</span> <span class='ocrx_word' id='word_1_148' title='bbox 446 2822 632 2894; x_wconf 85' lang='lat' dir='ltr'>Provincia</span> <span class='ocrx_word' id='word_1_149' title='bbox 650 2822 764 2891; x_wconf 84' lang='lat' dir='ltr'>uoslra</span> <span class='ocrx_word' id='word_1_150' title='bbox 785 2823 985 2905; x_wconf 88' lang='lat' dir='ltr'>Rhodanus</span> <span class='ocrx_word' id='word_1_151' title='bbox 1006 2826 1060 2896; x_wconf 90' lang='lat' dir='ltr'>di·</span> 
     </span>
     <span class='ocr_line' id='line_1_24' title="bbox 102 2932 1060 3036; baseline 0.002 -32"><span class='ocrx_word' id='word_1_152' title='bbox 102 2933 258 3004; x_wconf 67' lang='lat' dir='ltr'>uideret.</span> <span class='ocrx_word' id='word_1_153' title='bbox 276 2932 435 3036; x_wconf 56' lang='lat' dir='ltr'>Quibus&gt;</span> <span class='ocrx_word' id='word_1_154' title='bbox 452 2934 557 3002; x_wconf 87' lang='lat' dir='ltr'>rebus</span> <span class='ocrx_word' id='word_1_155' title='bbox 575 2955 685 3023; x_wconf 87' lang='lat' dir='ltr'>quam</span> <span class='ocrx_word' id='word_1_156' title='bbox 708 2934 914 3004; x_wconf 87' lang='lat' dir='ltr'>maturrime</span> <span class='ocrx_word' id='word_1_157' title='bbox 936 2960 1060 3006; x_wconf 89' lang='lat' dir='ltr'>occur·</span> 
     </span>
    </p>

    <p class='ocr_par' dir='ltr' id='par_1_4' title="bbox 81 3040 1121 3801">
     <span class='ocr_line' id='line_1_25' title="bbox 81 3040 1097 3135; baseline 0.002 -19"><span class='ocrx_word' id='word_1_158' title='bbox 81 3044 84 3048; x_wconf 74' lang='grc'>’</span> <span class='ocrx_word' id='word_1_159' title='bbox 107 3043 263 3116; x_wconf 85' lang='lat' dir='ltr'>rendum</span> <span class='ocrx_word' id='word_1_160' title='bbox 288 3041 446 3135; x_wconf 89' lang='lat' dir='ltr'>putabat.</span> <span class='ocrx_word' id='word_1_161' title='bbox 470 3040 548 3135; x_wconf 89' lang='lat' dir='ltr'>Ipse</span> <span class='ocrx_word' id='word_1_162' title='bbox 565 3043 702 3111; x_wconf 66' lang='lat' dir='ltr'>“autem</span> <span class='ocrx_word' id='word_1_163' title='bbox 729 3042 918 3114; x_wconf 86' lang='lat' dir='ltr'>Ariovistus</span> <span class='ocrx_word' id='word_1_164' title='bbox 943 3063 1060 3118; x_wconf 87' lang='lat' dir='ltr'>tantos</span> <span class='ocrx_word' id='word_1_165' title='bbox 1090 3049 1097 3083; x_wconf 62' lang='lat'>‘&#39;</span> 
     </span>
     <span class='ocr_line' id='line_1_26' title="bbox 99 3152 1058 3248; baseline 0.007 -26"><span class='ocrx_word' id='word_1_166' title='bbox 99 3153 172 3224; x_wconf 72' lang='lat' dir='ltr'>sibi</span> <span class='ocrx_word' id='word_1_167' title='bbox 201 3152 356 3245; x_wconf 86' lang='lat' dir='ltr'>spiritus,</span> <span class='ocrx_word' id='word_1_168' title='bbox 380 3167 513 3221; x_wconf 88' lang='lat' dir='ltr'>tautam</span> <span class='ocrx_word' id='word_1_169' title='bbox 539 3153 772 3248; x_wconf 85' lang='lat' dir='ltr'>arrogantiam</span> <span class='ocrx_word' id='word_1_170' title='bbox 804 3153 989 3244; x_wconf 87' lang='lat' dir='ltr'>sumserat,</span> <span class='ocrx_word' id='word_1_171' title='bbox 1015 3175 1058 3229; x_wconf 92' lang='lat' dir='ltr'>ut</span> 
     </span>
     <span class='ocr_line' id='line_1_27' title="bbox 106 3260 1121 3368; baseline 0.009 -38"><span class='ocrx_word' id='word_1_172' title='bbox 106 3260 276 3331; x_wconf 86' lang='lat' dir='ltr'>ferendus</span> <span class='ocrx_word' id='word_1_173' title='bbox 294 3285 370 3332; x_wconf 89' lang='lat' dir='ltr'>uon</span> <span class='ocrx_word' id='word_1_174' title='bbox 391 3262 580 3333; x_wconf 83' lang='lat' dir='ltr'>videretur.</span> <span class='ocrx_word' id='word_1_175' title='bbox 594 3265 842 3368; x_wconf 77' lang='lat' dir='ltr'>Quamobrem</span> <span class='ocrx_word' id='word_1_176' title='bbox 859 3269 993 3359; x_wconf 87' lang='lat' dir='ltr'>placuit</span> <span class='ocrx_word' id='word_1_177' title='bbox 1006 3271 1056 3358; x_wconf 84' lang='lat' dir='ltr'>ei,</span> <span class='ocrx_word' id='word_1_178' title='bbox 1073 3286 1121 3361; x_wconf 80' lang='lat'>34</span> 
     </span>
     <span class='ocr_line' id='line_1_28' title="bbox 108 3369 1057 3469; baseline 0.013 -31"><span class='ocrx_word' id='word_1_179' title='bbox 108 3385 151 3439; x_wconf 90' lang='lat' dir='ltr'>ut</span> <span class='ocrx_word' id='word_1_180' title='bbox 174 3369 219 3440; x_wconf 87' lang='lat' dir='ltr'>ad</span> <span class='ocrx_word' id='word_1_181' title='bbox 247 3370 475 3463; x_wconf 57' lang='lat' dir='ltr'>Ariovisto·</span> <span class='ocrx_word' id='word_1_182' title='bbox 490 3373 624 3469; x_wconf 85' lang='lat' dir='ltr'>legatos</span> <span class='ocrx_word' id='word_1_183' title='bbox 646 3375 833 3461; x_wconf 67' lang='lat' dir='ltr'>mitteret„</span> <span class='ocrx_word' id='word_1_184' title='bbox 857 3379 921 3468; x_wconf 92' lang='lat' dir='ltr'>qui</span> <span class='ocrx_word' id='word_1_185' title='bbox 940 3379 985 3448; x_wconf 89' lang='lat' dir='ltr'>ab</span> <span class='ocrx_word' id='word_1_186' title='bbox 1013 3404 1057 3451; x_wconf 91' lang='lat' dir='ltr'>eo</span> 
     </span>
     <span class='ocr_line' id='line_1_29' title="bbox 108 3477 1059 3571; baseline 0.012 -25"><span class='ocrx_word' id='word_1_187' title='bbox 108 3478 347 3571; x_wconf 86' lang='lat' dir='ltr'>postularent,</span> <span class='ocrx_word' id='word_1_188' title='bbox 370 3479 423 3548; x_wconf 90' lang='lat' dir='ltr'>uti</span> <span class='ocrx_word' id='word_1_189' title='bbox 441 3477 597 3571; x_wconf 85' lang='lat' dir='ltr'>aliquem</span> <span class='ocrx_word' id='word_1_190' title='bbox 612 3483 733 3552; x_wconf 89' lang='lat' dir='ltr'>locum</span> <span class='ocrx_word' id='word_1_191' title='bbox 750 3485 913 3554; x_wconf 89' lang='lat' dir='ltr'>medium</span> <span class='ocrx_word' id='word_1_192' title='bbox 929 3488 1059 3557; x_wconf 84' lang='lat' dir='ltr'>utrius-</span> 
     </span>
     <span class='ocr_line' id='line_1_30' title="bbox 104 3589 1059 3688; baseline 0.015 -33"><span class='ocrx_word' id='word_1_193' title='bbox 104 3611 184 3679; x_wconf 85' lang='lat' dir='ltr'>que</span> <span class='ocrx_word' id='word_1_194' title='bbox 204 3589 389 3680; x_wconf 89' lang='lat' dir='ltr'>colloquio</span> <span class='ocrx_word' id='word_1_195' title='bbox 420 3589 570 3660; x_wconf 84' lang='lat' dir='ltr'>diceret:</span> <span class='ocrx_word' id='word_1_196' title='bbox 603 3594 695 3663; x_wconf 87' lang='lat' dir='ltr'>velle</span> <span class='ocrx_word' id='word_1_197' title='bbox 715 3593 783 3665; x_wconf 88' lang='lat' dir='ltr'>sese</span> <span class='ocrx_word' id='word_1_198' title='bbox 808 3594 852 3664; x_wconf 89' lang='lat' dir='ltr'>de</span> <span class='ocrx_word' id='word_1_199' title='bbox 876 3597 1059 3688; x_wconf 88' lang='lat' dir='ltr'>republica</span> 
     </span>
     <span class='ocr_line' id='line_1_31' title="bbox 93 3690 1058 3801; baseline 0.011 -34"><span class='ocrx_word' id='word_1_200' title='bbox 93 3690 142 3767; x_wconf 62' lang='lat' dir='ltr'>⁴dc</span> <span class='ocrx_word' id='word_1_201' title='bbox 165 3697 308 3769; x_wconf 90' lang='lat' dir='ltr'>summis</span> <span class='ocrx_word' id='word_1_202' title='bbox 333 3700 518 3793; x_wconf 88' lang='lat' dir='ltr'>utriusque</span> <span class='ocrx_word' id='word_1_203' title='bbox 535 3701 750 3775; x_wconf 88' lang='lat' dir='ltr'>rebuscum.</span> <span class='ocrx_word' id='word_1_204' title='bbox 762 3731 805 3775; x_wconf 93' lang='lat' dir='ltr'>eo</span> <span class='ocrx_word' id='word_1_205' title='bbox 827 3731 936 3801; x_wconf 85' lang='lat' dir='ltr'>agere.</span> <span class='ocrx_word' id='word_1_206' title='bbox 957 3706 995 3775; x_wconf 88' lang='lat' dir='ltr'>Ei</span> <span class='ocrx_word' id='word_1_207' title='bbox 1009 3710 1058 3778; x_wconf 85' lang='lat' dir='ltr'>le-</span> 
     </span>
    </p>
   </div>
   <div class='ocr_carea' id='block_1_2' title="bbox 106 3805 1057 3913">
    <p class='ocr_par' dir='ltr' id='par_1_5' title="bbox 106 3805 1057 3913">
     <span class='ocr_line' id='line_1_32' title="bbox 106 3805 1057 3913; baseline 0.018 -40"><span class='ocrx_word' id='word_1_208' title='bbox 106 3805 240 3906; x_wconf 82' lang='lat' dir='ltr'>gationi</span> <span class='ocrx_word' id='word_1_209' title='bbox 259 3805 450 3883; x_wconf 81' lang='lat' dir='ltr'>Ariovistus</span> <span class='ocrx_word' id='word_1_210' title='bbox 470 3811 669 3907; x_wconf 87' lang='lat' dir='ltr'>respondit:</span> <span class='ocrx_word' id='word_1_211' title='bbox 694 3814 734 3885; x_wconf 85' lang='lat' dir='ltr'>Si</span> <span class='ocrx_word' id='word_1_212' title='bbox 752 3815 832 3912; x_wconf 80' lang='lat' dir='ltr'>quid</span> <span class='ocrx_word' id='word_1_213' title='bbox 851 3817 910 3913; x_wconf 74' lang='lat' dir='ltr'>ipſs</span> <span class='ocrx_word' id='word_1_214' title='bbox 931 3841 953 3890; x_wconf 86' lang='lat' dir='ltr'>a</span> <span class='ocrx_word' id='word_1_215' title='bbox 976 3814 1057 3890; x_wconf 82' lang='lat' dir='ltr'>Cae-</span> 
     </span>
    </p>
   </div>
   <div class='ocr_carea' id='block_1_3' title="bbox 0 0 1320 4426">
    <p class='ocr_par' dir='ltr' id='par_1_6' title="bbox 0 0 1320 4426">
     <span class='ocr_line' id='line_1_33' title="bbox 0 0 1320 4426; baseline 0 3"><span class='ocrx_word' id='word_1_216' title='bbox 0 0 1320 4426; x_wconf 95' lang='lat' dir='ltr'> </span> 
     </span>
    </p>
   </div>
  </div>
 </body>
</html>
