<?xml version="1.0" encoding="UTF-8"?>
<!DOCTYPE html PUBLIC "-//W3C//DTD XHTML 1.0 Transitional//EN"
    "http://www.w3.org/TR/xhtml1/DTD/xhtml1-transitional.dtd">
<html xmlns="http://www.w3.org/1999/xhtml" xml:lang="en" lang="en">
 <head>
  <title>
</title>
<meta http-equiv="Content-Type" content="text/html;charset=utf-8" />
  <meta name='ocr-system' content='tesseract 3.04.00' />
  <meta name='ocr-capabilities' content='ocr_page ocr_carea ocr_par ocr_line ocrx_word'/>
</head>
<body>
  <div class='ocr_page' id='page_1' title='image "./ciuliicaesarisd00bipogoog_0360.png"; bbox 0 0 2632 4426; ppageno 0'>
   <div class='ocr_carea' id='block_1_1' title="bbox 139 355 1266 3904">
    <p class='ocr_par' dir='ltr' id='par_1_1' title="bbox 139 355 1266 3904">
     <span class='ocr_line' id='line_1_1' title="bbox 441 355 1151 463; baseline 0.006 -28"><span class='ocrx_word' id='word_1_1' title='bbox 441 355 705 435; x_wconf 73' lang='lat' dir='ltr'>TLIBE&#39;R</span> <span class='ocrx_word' id='word_1_2' title='bbox 727 414 731 419; x_wconf 85' lang='lat'>-</span> <span class='ocrx_word' id='word_1_3' title='bbox 753 357 875 434; x_wconf 89' lang='lat' dir='ltr'>v111.</span> <span class='ocrx_word' id='word_1_4' title='bbox 963 370 969 435; x_wconf 83' lang='lat'>&#39;.</span> <span class='ocrx_word' id='word_1_5' title='bbox 1065 366 1151 463; x_wconf 64' lang='lat'>267</span> 
     </span>
     <span class='ocr_line' id='line_1_2' title="bbox 182 516 1147 612; baseline 0.002 -21"><span class='ocrx_word' id='word_1_6' title='bbox 182 520 257 592; x_wconf 73' lang='lat' dir='ltr'>’else</span> <span class='ocrx_word' id='word_1_7' title='bbox 275 516 556 592; x_wconf 84' lang='lat' dir='ltr'>accisas&#39;sciebat.</span> <span class='ocrx_word' id='word_1_8' title='bbox 581 520 669 592; x_wconf 91' lang='lat' dir='ltr'>Non</span> <span class='ocrx_word' id='word_1_9' title='bbox 693 518 792 590; x_wconf 90' lang='lat' dir='ltr'>enim</span> <span class='ocrx_word' id='word_1_10' title='bbox 818 518 1030 607; x_wconf 80' lang='lat' dir='ltr'>dubitabat,</span> <span class='ocrx_word' id='word_1_11' title='bbox 1054 521 1147 612; x_wconf 75' lang='lat' dir='ltr'>quin</span> 
     </span>
     <span class='ocr_line' id='line_1_3' title="bbox 179 626 1149 717; baseline -0.003 -15"><span class='ocrx_word' id='word_1_12' title='bbox 179 629 322 702; x_wconf 87' lang='lat' dir='ltr'>recenti</span> <span class='ocrx_word' id='word_1_13' title='bbox 349 627 548 699; x_wconf 82' lang='lat' dir='ltr'>calamitate</span> <span class='ocrx_word' id='word_1_14' title='bbox 573 628 807 699; x_wconf 85' lang='lat' dir='ltr'>submiffiores</span> <span class='ocrx_word' id='word_1_15' title='bbox 841 626 950 699; x_wconf 88' lang='lat' dir='ltr'>essent</span> <span class='ocrx_word' id='word_1_16' title='bbox 980 627 1122 701; x_wconf 87' lang='lat' dir='ltr'>suturae</span> <span class='ocrx_word' id='word_1_17' title='bbox 1133 653 1149 717; x_wconf 67' lang='grc' dir='ltr'><strong>ς</strong></span> 
     </span>
     <span class='ocr_line' id='line_1_4' title="bbox 188 733 1150 830; baseline 0.002 -25"><span class='ocrx_word' id='word_1_18' title='bbox 188 736 274 806; x_wconf 91' lang='lat' dir='ltr'>dato</span> <span class='ocrx_word' id='word_1_19' title='bbox 303 760 390 806; x_wconf 81' lang='lat' dir='ltr'>vero</span> <span class='ocrx_word' id='word_1_20' title='bbox 418 734 532 829; x_wconf 86' lang='lat' dir='ltr'>spatio</span> <span class='ocrx_word' id='word_1_21' title='bbox 561 760 602 806; x_wconf 89' lang='lat' dir='ltr'>ac</span> <span class='ocrx_word' id='word_1_22' title='bbox 628 754 812 830; x_wconf 86' lang='lat' dir='ltr'>ternpore,</span> <span class='ocrx_word' id='word_1_23' title='bbox 841 734 972 807; x_wconf 87' lang='lat' dir='ltr'>eodem</span> <span class='ocrx_word' id='word_1_24' title='bbox 997 733 1150 807; x_wconf 83' lang='lat' dir='ltr'>instante</span> 
     </span>
     <span class='ocr_line' id='line_1_5' title="bbox 180 842 1149 949; baseline 0.004 -36"><span class='ocrx_word' id='word_1_25' title='bbox 180 842 405 931; x_wconf 78' lang='lat' dir='ltr'>Dumnaco,</span> <span class='ocrx_word' id='word_1_26' title='bbox 429 842 570 939; x_wconf 76' lang='lat' dir='ltr'><strong>possent</strong></span> <span class='ocrx_word' id='word_1_27' title='bbox 591 846 768 917; x_wconf 88' lang='lat' dir='ltr'>concitari.</span> <span class='ocrx_word' id='word_1_28' title='bbox 793 844 878 949; x_wconf 78' lang='lat' dir='ltr'>Qua</span> <span class='ocrx_word' id='word_1_29' title='bbox 897 845 936 915; x_wconf 90' lang='lat' dir='ltr'>in</span> <span class='ocrx_word' id='word_1_30' title='bbox 957 869 996 915; x_wconf 87' lang='lat' dir='ltr'>re</span> <span class='ocrx_word' id='word_1_31' title='bbox 1008 844 1149 917; x_wconf 85' lang='lat' dir='ltr'>summa</span> 
     </span>
     <span class='ocr_line' id='line_1_6' title="bbox 178 952 1149 1051; baseline 0.007 -29"><span class='ocrx_word' id='word_1_32' title='bbox 178 952 330 1026; x_wconf 79' lang='lat' dir='ltr'>¹felicitas</span> <span class='ocrx_word' id='word_1_33' title='bbox 344 956 575 1049; x_wconf 85' lang='lat' dir='ltr'>celeritasque</span> <span class='ocrx_word' id='word_1_34' title='bbox 586 957 625 1026; x_wconf 91' lang='lat' dir='ltr'>in</span> <span class='ocrx_word' id='word_1_35' title='bbox 639 957 849 1051; x_wconf 87' lang='lat' dir='ltr'>recipiendis</span> <span class='ocrx_word' id='word_1_36' title='bbox 870 956 1072 1029; x_wconf 86' lang='lat' dir='ltr'>civitatibus</span> <span class='ocrx_word' id='word_1_37' title='bbox 1084 956 1112 1027; x_wconf 87' lang='lat' dir='ltr'>F</span> <span class='ocrx_word' id='word_1_38' title='bbox 1111 982 1149 1029; x_wconf 85' lang='lat' dir='ltr'>a·</span> 
     </span>
     <span class='ocr_line' id='line_1_7' title="bbox 185 1062 1146 1165; baseline 0.003 -31"><span class='ocrx_word' id='word_1_39' title='bbox 185 1062 292 1135; x_wconf 88' lang='lat' dir='ltr'>bium</span> <span class='ocrx_word' id='word_1_40' title='bbox 304 1063 546 1158; x_wconf 83' lang='lat' dir='ltr'>consequitur.</span> <span class='ocrx_word' id='word_1_41' title='bbox 573 1065 667 1136; x_wconf 87' lang='lat' dir='ltr'>Nam</span> <span class='ocrx_word' id='word_1_42' title='bbox 682 1067 875 1154; x_wconf 72' lang='lat' dir='ltr'>Carnutes,</span> <span class='ocrx_word' id='word_1_43' title='bbox 900 1065 1146 1165; x_wconf 84' lang='lat' dir='ltr'>quisaepe·ve</span> 
     </span>
     <span class='ocr_line' id='line_1_8' title="bbox 143 1170 1196 1265; baseline 0.001 -21"><span class='ocrx_word' id='word_1_44' title='bbox 143 1214 147 1223; x_wconf 91' lang='lat'><strong>·</strong></span> <span class='ocrx_word' id='word_1_45' title='bbox 174 1170 259 1244; x_wconf 79' lang='lat' dir='ltr'>-srati</span> <span class='ocrx_word' id='word_1_46' title='bbox 274 1194 466 1263; x_wconf 87' lang='lat' dir='ltr'>nunquam</span> <span class='ocrx_word' id='word_1_47' title='bbox 487 1172 584 1265; x_wconf 89' lang='lat' dir='ltr'>pacis</span> <span class='ocrx_word' id='word_1_48' title='bbox 603 1170 760 1245; x_wconf 84' lang='lat' dir='ltr'>fecerant</span> <span class='ocrx_word' id='word_1_49' title='bbox 782 1175 1032 1265; x_wconf 70' lang='lat' dir='ltr'>mentionem,</span> <span class='ocrx_word' id='word_1_50' title='bbox 1058 1172 1148 1245; x_wconf 85' lang='lat' dir='ltr'>datis</span> <span class='ocrx_word' id='word_1_51' title='bbox 1190 1224 1196 1231; x_wconf 89' lang='lat'>-</span> 
     </span>
     <span class='ocr_line' id='line_1_9' title="bbox 175 1276 1194 1377; baseline 0.007 -27"><span class='ocrx_word' id='word_1_52' title='bbox 175 1278 390 1370; x_wconf 81' lang='lat' dir='ltr'>obsidibus,</span> <span class='ocrx_word' id='word_1_53' title='bbox 417 1280 572 1351; x_wconf 88' lang='lat' dir='ltr'>veniunt</span> <span class='ocrx_word' id='word_1_54' title='bbox 593 1281 633 1353; x_wconf 91' lang='lat' dir='ltr'>in</span> <span class='ocrx_word' id='word_1_55' title='bbox 660 1281 906 1367; x_wconf 68' lang='lat' dir='ltr'>deditionem</span> <span class='ocrx_word' id='word_1_56' title='bbox 930 1301 1145 1377; x_wconf 83' lang='lat' dir='ltr'>ceteraeque</span> <span class='ocrx_word' id='word_1_57' title='bbox 1188 1276 1194 1286; x_wconf 54' lang='lat'>⁸</span> 
     </span>
     <span class='ocr_line' id='line_1_10' title="bbox 175 1387 1147 1481; baseline 0.006 -26"><span class='ocrx_word' id='word_1_58' title='bbox 175 1387 356 1474; x_wconf 58' lang='lat' dir='ltr'>:civitaten</span> <span class='ocrx_word' id='word_1_59' title='bbox 368 1387 499 1481; x_wconf 78' lang='lat' dir='ltr'>positae</span> <span class='ocrx_word' id='word_1_60' title='bbox 513 1389 551 1461; x_wconf 89' lang='lat' dir='ltr'>in</span> <span class='ocrx_word' id='word_1_61' title='bbox 569 1389 704 1461; x_wconf 86' lang='lat' dir='ltr'>ultimis</span> <span class='ocrx_word' id='word_1_62' title='bbox 722 1389 856 1461; x_wconf 81' lang='lat' dir='ltr'>Galliae</span> <span class='ocrx_word' id='word_1_63' title='bbox 868 1391 1020 1477; x_wconf 76' lang='lat' dir='ltr'>sinibus,</span> <span class='ocrx_word' id='word_1_64' title='bbox 1034 1389 1147 1463; x_wconf 86' lang='lat' dir='ltr'>Ocea·</span> 
     </span>
     <span class='ocr_line' id='line_1_11' title="bbox 174 1490 1146 1595; baseline 0.001 -25"><span class='ocrx_word' id='word_1_65' title='bbox 174 1517 236 1571; x_wconf 77' lang='lat' dir='ltr'>no</span> <span class='ocrx_word' id='word_1_66' title='bbox 261 1490 497 1583; x_wconf 71' lang='lat' dir='ltr'>coniunslae,</span> <span class='ocrx_word' id='word_1_67' title='bbox 532 1522 627 1589; x_wconf 91' lang='lat' dir='ltr'>quae</span> <span class='ocrx_word' id='word_1_68' title='bbox 652 1496 858 1573; x_wconf 82' lang='lat' dir='ltr'>Armoricae</span> <span class='ocrx_word' id='word_1_69' title='bbox 891 1502 1146 1595; x_wconf 84' lang='lat' dir='ltr'>appellantur,</span> 
     </span>
     <span class='ocr_line' id='line_1_12' title="bbox 183 1598 1266 1696; baseline 0.006 -20"><span class='ocrx_word' id='word_1_70' title='bbox 183 1598 392 1677; x_wconf 71' lang='lat' dir='ltr'>ausloritate</span> <span class='ocrx_word' id='word_1_71' title='bbox 417 1600 592 1677; x_wconf 73' lang='lat' dir='ltr'>addudae</span> <span class='ocrx_word' id='word_1_72' title='bbox 614 1607 830 1696; x_wconf 84' lang='lat' dir='ltr'>Carnutum,</span> <span class='ocrx_word' id='word_1_73' title='bbox 855 1609 1013 1679; x_wconf 88' lang='lat' dir='ltr'>adventu</span> <span class='ocrx_word' id='word_1_74' title='bbox 1045 1608 1147 1681; x_wconf 81' lang='lat' dir='ltr'>Fabii</span> <span class='ocrx_word' id='word_1_75' title='bbox 1264 1649 1266 1653; x_wconf 95' lang='lat'>·</span> 
     </span>
     <span class='ocr_line' id='line_1_13' title="bbox 172 1712 1145 1813; baseline 0.01 -30"><span class='ocrx_word' id='word_1_76' title='bbox 172 1712 448 1813; x_wconf 83' lang='lat' dir='ltr'>legionumque</span> <span class='ocrx_word' id='word_1_77' title='bbox 469 1713 642 1806; x_wconf 88' lang='lat' dir='ltr'>imperata</span> <span class='ocrx_word' id='word_1_78' title='bbox 665 1715 739 1786; x_wconf 80' lang='lat' dir='ltr'>stne</span> <span class='ocrx_word' id='word_1_79' title='bbox 755 1740 856 1787; x_wconf 88' lang='lat' dir='ltr'>mora</span> <span class='ocrx_word' id='word_1_80' title='bbox 867 1715 1013 1793; x_wconf 85' lang='lat' dir='ltr'>faciunt.</span> <span class='ocrx_word' id='word_1_81' title='bbox 1027 1717 1145 1793; x_wconf 86' lang='lat' dir='ltr'>Dum·</span> 
     </span>
     <span class='ocr_line' id='line_1_14' title="bbox 173 1820 1144 1923; baseline 0.012 -33"><span class='ocrx_word' id='word_1_82' title='bbox 173 1842 310 1907; x_wconf 61' lang='lat' dir='ltr'>rnasus,</span> <span class='ocrx_word' id='word_1_83' title='bbox 329 1820 398 1891; x_wconf 88' lang='lat' dir='ltr'>suis</span> <span class='ocrx_word' id='word_1_84' title='bbox 422 1820 554 1891; x_wconf 84' lang='lat' dir='ltr'>finibus</span> <span class='ocrx_word' id='word_1_85' title='bbox 578 1825 769 1916; x_wconf 88' lang='lat' dir='ltr'>expulsus,</span> <span class='ocrx_word' id='word_1_86' title='bbox 792 1848 907 1896; x_wconf 86' lang='lat' dir='ltr'>errans</span> <span class='ocrx_word' id='word_1_87' title='bbox 930 1828 1144 1923; x_wconf 82' lang='lat' dir='ltr'>latitansque</span> 
     </span>
     <span class='ocr_line' id='line_1_15' title="bbox 139 1926 1144 2029; baseline 0.011 -31"><span class='ocrx_word' id='word_1_88' title='bbox 139 1966 143 1977; x_wconf 89' lang='lat'>·</span> <span class='ocrx_word' id='word_1_89' title='bbox 184 1926 288 1999; x_wconf 86' lang='lat' dir='ltr'>solus.</span> <span class='ocrx_word' id='word_1_90' title='bbox 307 1947 481 1999; x_wconf 85' lang='lat' dir='ltr'>extremas</span> <span class='ocrx_word' id='word_1_91' title='bbox 507 1928 640 2001; x_wconf 85' lang='lat' dir='ltr'>Galliae</span> <span class='ocrx_word' id='word_1_92' title='bbox 667 1928 830 2029; x_wconf 84' lang='lat' dir='ltr'>regiones</span> <span class='ocrx_word' id='word_1_93' title='bbox 850 1950 984 2027; x_wconf 84' lang='lat' dir='ltr'>petere·</span> <span class='ocrx_word' id='word_1_94' title='bbox 1002 1931 1144 2017; x_wconf 76' lang='lat' dir='ltr'>coaslus</span> 
     </span>
     <span class='ocr_line' id='line_1_16' title="bbox 171 2037 1211 2142; baseline 0.009 -33"><span class='ocrx_word' id='word_1_95' title='bbox 171 2039 242 2119; x_wconf 66' lang='lat' dir='ltr'>,est</span> <span class='ocrx_word' id='word_1_96' title='bbox 263 2038 311 2111; x_wconf 86' lang='lat' dir='ltr'>At</span> <span class='ocrx_word' id='word_1_97' title='bbox 324 2041 496 2135; x_wconf 82' lang='lat' dir='ltr'>Drappes,</span> <span class='ocrx_word' id='word_1_98' title='bbox 511 2064 656 2134; x_wconf 84' lang='lat' dir='ltr'>unaque</span> <span class='ocrx_word' id='word_1_99' title='bbox 673 2037 875 2129; x_wconf 72' lang='lat' dir='ltr'>ludlerius,</span> <span class='ocrx_word' id='word_1_100' title='bbox 889 2066 974 2133; x_wconf 84' lang='lat' dir='ltr'>cum</span> <span class='ocrx_word' id='word_1_101' title='bbox 987 2045 1143 2142; x_wconf 85' lang='lat' dir='ltr'>legiones</span> <span class='ocrx_word' id='word_1_102' title='bbox 1161 2054 1211 2141; x_wconf 83' lang='lat'>32&#39;</span> 
     </span>
     <span class='ocr_line' id='line_1_17' title="bbox 184 2146 1143 2251; baseline 0.004 -28"><span class='ocrx_word' id='word_1_103' title='bbox 184 2146 453 2246; x_wconf 73' lang='lat' dir='ltr'>Caniniumque</span> <span class='ocrx_word' id='word_1_104' title='bbox 489 2152 602 2223; x_wconf 84' lang='lat' dir='ltr'>adesse</span> <span class='ocrx_word' id='word_1_105' title='bbox 622 2154 893 2251; x_wconf 79' lang='lat' dir='ltr'>cognoscerent5</span> <span class='ocrx_word' id='word_1_106' title='bbox 925 2178 992 2226; x_wconf 89' lang='lat' dir='ltr'>nec</span> <span class='ocrx_word' id='word_1_107' title='bbox 1016 2154 1143 2228; x_wconf 76' lang='lat' dir='ltr'>feline</span> 
     </span>
     <span class='ocr_line' id='line_1_18' title="bbox 171 2260 1142 2355; baseline 0.004 -24"><span class='ocrx_word' id='word_1_108' title='bbox 171 2276 278 2331; x_wconf 85' lang='lat' dir='ltr'>-certa</span> <span class='ocrx_word' id='word_1_109' title='bbox 299 2260 475 2354; x_wconf 81' lang='lat' dir='ltr'>pernicie,</span> <span class='ocrx_word' id='word_1_110' title='bbox 510 2261 747 2353; x_wconf 80' lang='lat' dir='ltr'>persequente</span> <span class='ocrx_word' id='word_1_111' title='bbox 768 2261 950 2349; x_wconf 84' lang='lat' dir='ltr'>exercitu,</span> <span class='ocrx_word' id='word_1_112' title='bbox 973 2279 1142 2355; x_wconf 89' lang='lat' dir='ltr'>putarent</span> 
     </span>
     <span class='ocr_line' id='line_1_19' title="bbox 183 2366 1150 2464; baseline 0.007 -25"><span class='ocrx_word' id='word_1_113' title='bbox 183 2366 392 2440; x_wconf 86' lang='lat' dir='ltr'>Provinciae</span> <span class='ocrx_word' id='word_1_114' title='bbox 406 2370 490 2440; x_wconf 84' lang='lat' dir='ltr'>fines</span> <span class='ocrx_word' id='word_1_115' title='bbox 501 2369 631 2441; x_wconf 87' lang='lat' dir='ltr'>intrare</span> <span class='ocrx_word' id='word_1_116' title='bbox 641 2369 755 2464; x_wconf 84' lang='lat' dir='ltr'>polse3</span> <span class='ocrx_word' id='word_1_117' title='bbox 771 2395 838 2441; x_wconf 90' lang='lat' dir='ltr'>nec</span> <span class='ocrx_word' id='word_1_118' title='bbox 849 2371 920 2441; x_wconf 89' lang='lat' dir='ltr'>iam</span> <span class='ocrx_word' id='word_1_119' title='bbox 934 2371 1081 2443; x_wconf 87' lang='lat' dir='ltr'>liberam</span> <span class='ocrx_word' id='word_1_120' title='bbox 1088 2399 1150 2455; x_wconf 70' lang='grc' dir='ltr'>ναι,</span> 
     </span>
     <span class='ocr_line' id='line_1_20' title="bbox 170 2476 1142 2583; baseline 0.001 -30"><span class='ocrx_word' id='word_1_121' title='bbox 170 2477 289 2581; x_wconf 79' lang='lat' dir='ltr'>¹gandi</span> <span class='ocrx_word' id='word_1_122' title='bbox 308 2476 649 2571; x_wconf 87' lang='lat' dir='ltr'>latrociniorumque</span> <span class='ocrx_word' id='word_1_123' title='bbox 669 2479 911 2561; x_wconf 84' lang='lat' dir='ltr'>faciendorum</span> <span class='ocrx_word' id='word_1_124' title='bbox 935 2478 1142 2583; x_wconf 81' lang='lat' dir='ltr'>facultatem</span> 
     </span>
     <span class='ocr_line' id='line_1_21' title="bbox 171 2586 1140 2689; baseline 0.001 -30"><span class='ocrx_word' id='word_1_125' title='bbox 171 2586 373 2673; x_wconf 81' lang='lat' dir='ltr'>·haberent;</span> <span class='ocrx_word' id='word_1_126' title='bbox 396 2587 590 2659; x_wconf 74' lang='lat' dir='ltr'>consiliunt</span> <span class='ocrx_word' id='word_1_127' title='bbox 611 2589 650 2659; x_wconf 91' lang='lat' dir='ltr'>in</span> <span class='ocrx_word' id='word_1_128' title='bbox 673 2589 761 2689; x_wconf 83' lang='lat' dir='ltr'>agris</span> <span class='ocrx_word' id='word_1_129' title='bbox 780 2588 1037 2661; x_wconf 88' lang='lat' dir='ltr'>Cadurcorum.</span> <span class='ocrx_word' id='word_1_130' title='bbox 1062 2590 1140 2680; x_wconf 88' lang='lat' dir='ltr'>lbi,</span> 
     </span>
     <span class='ocr_line' id='line_1_22' title="bbox 179 2691 1135 2792; baseline 0.006 -25"><span class='ocrx_word' id='word_1_131' title='bbox 179 2718 266 2767; x_wconf 86' lang='lat' dir='ltr'>eum</span> <span class='ocrx_word' id='word_1_132' title='bbox 282 2691 462 2767; x_wconf 76' lang='lat' dir='ltr'>Luslerius</span> <span class='ocrx_word' id='word_1_133' title='bbox 475 2698 575 2791; x_wconf 90' lang='lat' dir='ltr'>apud</span> <span class='ocrx_word' id='word_1_134' title='bbox 592 2696 671 2769; x_wconf 88' lang='lat' dir='ltr'>suos</span> <span class='ocrx_word' id='word_1_135' title='bbox 687 2700 804 2788; x_wconf 82' lang='lat' dir='ltr'>cives,</span> <span class='ocrx_word' id='word_1_136' title='bbox 840 2698 1030 2792; x_wconf 90' lang='lat' dir='ltr'>quondam</span> <span class='ocrx_word' id='word_1_137' title='bbox 1046 2700 1135 2773; x_wconf 89' lang='lat' dir='ltr'>inte·</span> 
     </span>
     <span class='ocr_line' id='line_1_23' title="bbox 167 2806 1140 2906; baseline 0.012 -33"><span class='ocrx_word' id='word_1_138' title='bbox 167 2806 248 2904; x_wconf 79' lang='lat' dir='ltr'>gris</span> <span class='ocrx_word' id='word_1_139' title='bbox 276 2806 400 2893; x_wconf 92' lang='lat' dir='ltr'>rebus,</span> <span class='ocrx_word' id='word_1_140' title='bbox 437 2812 596 2881; x_wconf 86' lang='lat' dir='ltr'>multum</span> <span class='ocrx_word' id='word_1_141' title='bbox 621 2810 815 2904; x_wconf 87' lang='lat' dir='ltr'>potuisset,</span> <span class='ocrx_word' id='word_1_142' title='bbox 840 2812 1051 2906; x_wconf 88' lang='lat' dir='ltr'>semperque</span> <span class='ocrx_word' id='word_1_143' title='bbox 1074 2838 1140 2885; x_wconf 91' lang='lat' dir='ltr'>au·</span> 
     </span>
     <span class='ocr_line' id='line_1_24' title="bbox 169 2912 1140 3016; baseline 0.013 -37"><span class='ocrx_word' id='word_1_144' title='bbox 169 2912 259 2987; x_wconf 69' lang='lat' dir='ltr'>¹lior</span> <span class='ocrx_word' id='word_1_145' title='bbox 276 2939 459 2987; x_wconf 88' lang='lat' dir='ltr'>novorum</span> <span class='ocrx_word' id='word_1_146' title='bbox 488 2918 715 2990; x_wconf 74' lang='lat' dir='ltr'>consiliorum</span> <span class='ocrx_word' id='word_1_147' title='bbox 742 2942 908 3016; x_wconf 84' lang='lat' dir='ltr'>magnam</span> <span class='ocrx_word' id='word_1_148' title='bbox 936 2920 1036 3014; x_wconf 91' lang='lat' dir='ltr'>apud</span> <span class='ocrx_word' id='word_1_149' title='bbox 1059 2914 1140 2992; x_wconf 84' lang='lat' dir='ltr'>bar·</span> 
     </span>
     <span class='ocr_line' id='line_1_25' title="bbox 165 3021 1140 3123; baseline 0.006 -24"><span class='ocrx_word' id='word_1_150' title='bbox 165 3021 284 3099; x_wconf 88' lang='lat' dir='ltr'>-baros</span> <span class='ocrx_word' id='word_1_151' title='bbox 306 3021 554 3105; x_wconf 69' lang='lat' dir='ltr'>seueritatem</span> <span class='ocrx_word' id='word_1_152' title='bbox 585 3029 757 3117; x_wconf 86' lang='lat' dir='ltr'>haberet,</span> <span class='ocrx_word' id='word_1_153' title='bbox 784 3029 962 3123; x_wconf 90' lang='lat' dir='ltr'>oppidum</span> <span class='ocrx_word' id='word_1_154' title='bbox 992 3030 1140 3105; x_wconf 88' lang='lat' dir='ltr'>Uxello-</span> 
     </span>
     <span class='ocr_line' id='line_1_26' title="bbox 167 3132 1139 3228; baseline 0.009 -21"><span class='ocrx_word' id='word_1_155' title='bbox 167 3132 348 3221; x_wconf 73' lang='lat' dir='ltr'>dunum,</span> <span class='ocrx_word' id='word_1_156' title='bbox 383 3136 495 3227; x_wconf 86' lang='lat' dir='ltr'>quod.</span> <span class='ocrx_word' id='word_1_157' title='bbox 509 3137 733 3217; x_wconf 71' lang='lat' dir='ltr'>in,‚c&#39;lientela</span> <span class='ocrx_word' id='word_1_158' title='bbox 756 3137 870 3209; x_wconf 85' lang='lat' dir='ltr'>suerat</span> <span class='ocrx_word' id='word_1_159' title='bbox 889 3140 984 3228; x_wconf 88' lang='lat' dir='ltr'>eius,</span> <span class='ocrx_word' id='word_1_160' title='bbox 1013 3159 1139 3216; x_wconf 86' lang='lat' dir='ltr'>natura</span> 
     </span>
     <span class='ocr_line' id='line_1_27' title="bbox 164 3243 1137 3345; baseline 0.005 -29"><span class='ocrx_word' id='word_1_161' title='bbox 164 3243 250 3316; x_wconf 85' lang='lat' dir='ltr'>loci</span> <span class='ocrx_word' id='word_1_162' title='bbox 272 3244 409 3342; x_wconf 83' lang='lat' dir='ltr'>egregie</span> <span class='ocrx_word' id='word_1_163' title='bbox 426 3245 631 3333; x_wconf 89' lang='lat' dir='ltr'>munitum,</span> <span class='ocrx_word' id='word_1_164' title='bbox 656 3264 808 3341; x_wconf 89' lang='lat' dir='ltr'>occupat</span> <span class='ocrx_word' id='word_1_165' title='bbox 833 3247 901 3318; x_wconf 88' lang='lat' dir='ltr'>suis</span> <span class='ocrx_word' id='word_1_166' title='bbox 923 3246 1137 3345; x_wconf 76' lang='lat' dir='ltr'>&amp;Drappe-</span> 
     </span>
     <span class='ocr_line' id='line_1_28' title="bbox 164 3352 1202 3463; baseline 0.005 -40"><span class='ocrx_word' id='word_1_167' title='bbox 164 3353 224 3423; x_wconf 89' lang='lat' dir='ltr'>.tis</span> <span class='ocrx_word' id='word_1_168' title='bbox 246 3352 380 3445; x_wconf 87' lang='lat' dir='ltr'>copiis,</span> <span class='ocrx_word' id='word_1_169' title='bbox 408 3352 682 3449; x_wconf 87' lang='lat' dir='ltr'>oppidanosque</span> <span class='ocrx_word' id='word_1_170' title='bbox 709 3354 773 3428; x_wconf 83' lang='lat' dir='ltr'>fibi</span> <span class='ocrx_word' id='word_1_171' title='bbox 803 3355 1001 3452; x_wconf 85' lang='lat' dir='ltr'>coniungit.</span> <span class='ocrx_word' id='word_1_172' title='bbox 1045 3357 1134 3463; x_wconf 74' lang='lat' dir='ltr'>Quo</span> <span class='ocrx_word' id='word_1_173' title='bbox 1155 3371 1202 3449; x_wconf 77' lang='lat'>33¹</span> 
     </span>
     <span class='ocr_line' id='line_1_29' title="bbox 163 3460 1246 3553; baseline 0.008 -22"><span class='ocrx_word' id='word_1_174' title='bbox 163 3485 264 3532; x_wconf 87' lang='lat' dir='ltr'>..cum</span> <span class='ocrx_word' id='word_1_175' title='bbox 287 3461 472 3535; x_wconf 79' lang='lat' dir='ltr'>confestim</span> <span class='ocrx_word' id='word_1_176' title='bbox 486 3462 527 3547; x_wconf 73' lang='lat' dir='ltr'>C·</span> <span class='ocrx_word' id='word_1_177' title='bbox 544 3460 715 3535; x_wconf 89' lang='lat' dir='ltr'>Caninius</span> <span class='ocrx_word' id='word_1_178' title='bbox 729 3462 894 3553; x_wconf 84' lang='lat' dir='ltr'>venisset,</span> <span class='ocrx_word' id='word_1_179' title='bbox 915 3465 1137 3539; x_wconf 88' lang='lat' dir='ltr'>animadver·</span> <span class='ocrx_word' id='word_1_180' title='bbox 1242 3487 1246 3493; x_wconf 86' lang='grc'>’</span> 
     </span>
     <span class='ocr_line' id='line_1_30' title="bbox 163 3573 1136 3677; baseline 0.009 -34"><span class='ocrx_word' id='word_1_181' title='bbox 163 3584 359 3661; x_wconf 87' lang='lat' dir='ltr'>.teretque,</span> <span class='ocrx_word' id='word_1_182' title='bbox 393 3595 518 3645; x_wconf 83' lang='lat' dir='ltr'>omnes</span> <span class='ocrx_word' id='word_1_183' title='bbox 543 3573 673 3673; x_wconf 86' lang='lat' dir='ltr'>oppidi</span> <span class='ocrx_word' id='word_1_184' title='bbox 703 3592 817 3669; x_wconf 88' lang='lat' dir='ltr'>partes</span> <span class='ocrx_word' id='word_1_185' title='bbox 849 3577 1136 3677; x_wconf 74' lang='lat' dir='ltr'>praeruptissimis</span> 
     </span>
     <span class='ocr_line' id='line_1_31' title="bbox 160 3676 1136 3779; baseline 0.013 -30"><span class='ocrx_word' id='word_1_186' title='bbox 160 3676 265 3752; x_wconf 65' lang='lat' dir='ltr'>saxis</span> <span class='ocrx_word' id='word_1_187' title='bbox 293 3676 359 3749; x_wconf 88' lang='lat' dir='ltr'>elle</span> <span class='ocrx_word' id='word_1_188' title='bbox 382 3682 558 3769; x_wconf 85' lang='lat' dir='ltr'>munitas,</span> <span class='ocrx_word' id='word_1_189' title='bbox 579 3708 675 3777; x_wconf 90' lang='lat' dir='ltr'>quo,</span> <span class='ocrx_word' id='word_1_190' title='bbox 693 3685 910 3768; x_wconf 81' lang='lat' dir='ltr'>defendente</span> <span class='ocrx_word' id='word_1_191' title='bbox 938 3691 1058 3779; x_wconf 89' lang='lat' dir='ltr'>nullo,</span> <span class='ocrx_word' id='word_1_192' title='bbox 1081 3705 1136 3763; x_wconf 87' lang='lat' dir='ltr'>ta·</span> 
     </span>
     <span class='ocr_line' id='line_1_32' title="bbox 159 3790 1137 3904; baseline 0.008 -35"><span class='ocrx_word' id='word_1_193' title='bbox 159 3811 265 3873; x_wconf 61' lang='lat' dir='ltr'>auen</span> <span class='ocrx_word' id='word_1_194' title='bbox 274 3790 421 3867; x_wconf 82' lang='lat' dir='ltr'>armatis</span> <span class='ocrx_word' id='word_1_195' title='bbox 429 3791 649 3869; x_wconf 78' lang='lat' dir='ltr'>adscendere</span> <span class='ocrx_word' id='word_1_196' title='bbox 662 3793 745 3871; x_wconf 79' lang='lat' dir='ltr'>esset</span> <span class='ocrx_word' id='word_1_197' title='bbox 761 3797 920 3904; x_wconf 59' lang='lat' dir='ltr'>difficiles</span> <span class='ocrx_word' id='word_1_198' title='bbox 934 3825 1137 3904; x_wconf 74' lang='lat' dir='ltr'>magnasu-</span> 
     </span>
    </p>
   </div>
   <div class='ocr_carea' id='block_1_2' title="bbox 0 0 1320 4426">
    <p class='ocr_par' dir='ltr' id='par_1_2' title="bbox 0 0 1320 4426">
     <span class='ocr_line' id='line_1_33' title="bbox 0 0 1320 4426; baseline 0 3"><span class='ocrx_word' id='word_1_199' title='bbox 0 0 1320 4426; x_wconf 95' lang='lat' dir='ltr'> </span> 
     </span>
    </p>
   </div>
  </div>
 </body>
</html>
