2632 4426
422 301 459 386 ‘L
481 312 499 384 1
522 311 551 385 B
574 310 660 386 ER
706 311 752 387 V.
993 323 1066 410 '1²7

110 473 160 552 rie
174 473 368 555 civitatium
382 522 394 564 ,
411 476 543 574 legator
552 499 627 569 per,
633 472 841 544 Atrebatem
855 469 1070 549 Commium·

106 591 157 660 'de
168 587 352 661 deditione
370 585 417 657 ad
430 585 607 661 Caesarem
618 584 739 656 mittit.
749 583 888 672 Caesar,
903 608 988 655 cum
1002 584 1065 654 sta-

53 786 57 799 Ι
105 696 238 795 w
253 698 410 767 hiemem
438 696 477 766 in
500 696 701 768 continenti
731 711 879 789 propter
905 692 1065 786 repenti·

110 830 175 878 nos
197 807 329 879 Galliae
349 823 471 878 motus
489 830 612 904 agere,
642 829 762 899 neque
781 806 942 877 multum
962 803 1069 873 aella·

107 918 152 990 tis
169 916 376 1011 superesset,
406 932 515 1008 atque
531 916 570 987 id
591 916 690 988 facile
705 913 840 988 extrahi
850 912 946 1008 posse
964 912 1067 983 intel-

108 1027 250 1125 ligeret,
286 1024 424 1096 obfides
445 1027 613 1119 imperat,
637 1025 690 1112 tc,
718 1025 807 1118 quid
823 1025 861 1094 in
874 1047 987 1094 annos
999 1021 1067 1092 stn-

97 1138 213 1234 ,gulos
233 1126 408 1234 vestigalis
425 1135 566 1229 populo
586 1135 751 1206 Romano
776 1125 955 1207 Britannia
974 1155 1066 1226 pen·

111 1245 230 1333 deret,
255 1247 456 1318 constituit:
479 1244 658 1318 interdicit
681 1263 792 1338 atque
812 1245 964 1337 imperat
985 1244 1071 1314 Cas·
1100 1305 1114 1343 ·.

112 1355 304 1427 srvellauno
315 1407 326 1443 ,
339 1378 387 1425 ne
402 1354 673 1442 Mandubratio,
696 1377 769 1426 neu
783 1354 1068 1425 Trinobantibus

112 1464 254 1536 bellum
265 1462 376 1534 saciat.
402 1462 598 1536 Obsidibus
616 1461 791 1556 acceptis,
805 1463 1004 1534 exercitum
1016 1485 1067 1531 te·
1085 1475 1126 1549 23

112 1573 215 1645 ducit
236 1573 281 1644 ad
304 1596 419 1659 mare,
449 1595 555 1645 naves
577 1574 714 1646 invenit
738 1566 890 1645 refellas.
915 1572 980 1642 His
1003 1569 1068 1640 de-⁴

112 1680 250 1768 duffir,
281 1681 384 1775 quod
403 1680 674 1775 &captiuorum
688 1705 860 1778 magnum
872 1703 1070 1754 numerum

112 1790 290 1878 babebat,
319 1790 350 1860 Sc
379 1792 575 1862 nonnullae
598 1789 811 1884 tempestate
846 1790 1069 1883 deperierant

114 1927 242 1988 naves,
276 1901 423 1972 duobus
444 1901 703 1972 commeatibus
726 1901 923 1974 exercitum
944 1926 1068 1995 tepor·
1141 1978 1145 1986 ,

114 2028 188 2083 tare
199 2010 356 2106 instituit.
381 2006 490 2096 Acsrc
504 1997 660 2097 accidit,
680 2012 734 2087 uti
746 2033 794 2081 ex
805 2027 906 2084 tanto
919 2012 1069 2082 navium

115 2143 288 2206 numero,
310 2116 682 2213 totnauigationibus,
697 2132 819 2212 neque
838 2120 929 2207 hoc,
946 2142 1074 2211 neque,

114 2230 294 2325 superiore
311 2240 426 2317 anno,
449 2231 521 2301 nlla
544 2231 694 2300 omnino
718 2231 835 2318 navis,
864 2216 1091 2324 quaemiliom

85 2412 96 2425 „
115 2358 168 2412 tes
182 2355 360 2434 portaret,
376 2337 651 2412 desideraretur:
671 2356 708 2411 at
729 2364 775 2411 ex
795 2341 855 2426 iis,
872 2341 1070 2431 quaeinc-

114 2473 179 2522 nes
200 2473 246 2527 ex
270 2448 471 2521 continenti
494 2449 650 2519 adeum
678 2450 943 2524 remitterentur
958 2498 969 2535 ,
984 2447 1071 2547 [lc]

115 2554 241 2649 prioris
271 2572 490 2643 commeatus
513 2557 686 2652 expositis
701 2549 903 2645 militibus,
923 2557 1069 2651 loquar
1175 2607 1182 2622 .

115 2665 237 2760 pollen
254 2665 432 2737 Labienus
444 2665 620 2739 faciendas
629 2683 812 2741 curaverat
822 2692 976 2740 nurnero
990 2688 1067 2760 Lar,

114 2799 313 2869 perpaucae
327 2779 450 2847 locum
465 2795 653 2872 caperent,
674 2780 832 2871 reliquae
851 2777 924 2849 sere
940 2803 1071 2853 omnes
1154 2805 1158 2814 ’

65 2933 69 2940 ·
115 2883 350 2959 reiicerentur.
375 2887 474 2990 Quas
497 2878 827 2983 cuma-aliquamdiu
855 2888 977 2967 Caesar,
995 2888 1076 2960 sm«

116 2997 182 3068 stra
191 2990 436 3090 exspectasset,
461 3021 508 3071 ne
522 2989 607 3071 anni
621 2983 784 3090 ternpore
803 3023 824 3067 a
844 2999 1070 3096 navigatione

1115 1086 1125 1118 Ι

115 3108 387 3193 excluderetur,
413 3106 515 3200 quod
529 3104 796 3203 aequinoslium
821 3107 982 3196 suberat,
1008 3134 1070 3182 no·

114 3214 604 3312 cellarioangusiiur·.milites
623 3216 844 3305 collocavit,
868 3216 908 3290 ac
931 3218 1070 3300 summa
1167 3210 1171 3217 ¹

114 3327 372 3427 tranquillitate
399 3327 610 3418 consecuta,
622 3360 624 3365 ·
636 3328 792 3400 secunda¹
804 3331 986 3403 inita-cum
999 3332 1073 3402 sol«

114 3437 215 3510 visset
233 3436 372 3537 vigilia,
396 3440 605 3533 prima—luce.
622 3459 748 3512 terram
761 3441 898 3538 attigit,
926 3465 1073 3532 omnes·-

104 3573 191 3642 que
209 3550 405 3620 incolumes
427 3575 534 3622 naver
556 3551 736 3646 perduxit
763 3547 956 3623 Subductis
970 3552 1071 3624 navi·
1088 3567 1136 3640 24

113 3658 207 3743 bur,
234 3659 461 3754 concilioque
491 3661 677 3761 Gallorum
699 3660 964 3733 Samarobrivae
987 3687 1071 3756 per·
1110 3703 1113 3706 ·

77 3806 94 3872 j
115 3760 214 3854 allo,
237 3768 351 3862 quod
372 3794 415 3842 eo
431 3796 533 3845 anno
553 3771 778 3860 frumentum
793 3771 965 3846 inGallia
988 3797 1072 3869 pror,
