<?xml version="1.0" encoding="UTF-8"?>
<!DOCTYPE html PUBLIC "-//W3C//DTD XHTML 1.0 Transitional//EN"
    "http://www.w3.org/TR/xhtml1/DTD/xhtml1-transitional.dtd">
<html xmlns="http://www.w3.org/1999/xhtml" xml:lang="en" lang="en">
 <head>
  <title>
</title>
<meta http-equiv="Content-Type" content="text/html;charset=utf-8" />
  <meta name='ocr-system' content='tesseract 3.04.00' />
  <meta name='ocr-capabilities' content='ocr_page ocr_carea ocr_par ocr_line ocrx_word'/>
</head>
<body>
  <div class='ocr_page' id='page_1' title='image "./ciuliicaesarisd00bipogoog_0338.png"; bbox 0 0 2632 4426; ppageno 0'>
   <div class='ocr_carea' id='block_1_1' title="bbox 839 256 1277 459">
    <p class='ocr_par' dir='ltr' id='par_1_1' title="bbox 839 256 1277 459">
     <span class='ocr_line' id='line_1_1' title="bbox 839 256 1277 459; baseline 0.005 -54"><span class='ocrx_word' id='word_1_1' title='bbox 839 256 867 459; x_wconf 90' lang='grc' dir='ltr'> </span> <span class='ocrx_word' id='word_1_2' title='bbox 1028 274 1170 408; x_wconf 71' lang='lat' dir='ltr'>sss·</span> <span class='ocrx_word' id='word_1_3' title='bbox 1273 266 1277 273; x_wconf 61' lang='grc'>’</span> 
     </span>
    </p>
   </div>
   <div class='ocr_carea' id='block_1_2' title="bbox 177 726 1172 1601">
    <p class='ocr_par' dir='ltr' id='par_1_2' title="bbox 177 726 1172 1601">
     <span class='ocr_line' id='line_1_2' title="bbox 177 726 1172 914; baseline -0.003 -36"><span class='ocrx_word' id='word_1_4' title='bbox 177 726 1172 914; x_wconf 71' lang='lat' dir='ltr'>courrrurararonuu</span> 
     </span>
     <span class='ocr_line' id='line_1_3' title="bbox 250 1167 1137 1394; baseline 0.008 -62"><span class='ocrx_word' id='word_1_5' title='bbox 250 1222 549 1333; x_wconf 76' lang='lat' dir='ltr'>seruo</span> <span class='ocrx_word' id='word_1_6' title='bbox 606 1167 1060 1338; x_wconf 72' lang='lat' dir='ltr'>carasco</span> <span class='ocrx_word' id='word_1_7' title='bbox 1130 1282 1137 1394; x_wconf 78' lang='lat'>5</span> 
     </span>
     <span class='ocr_line' id='line_1_4' title="bbox 326 1461 1129 1601; baseline 0.01 -61"><span class='ocrx_word' id='word_1_8' title='bbox 326 1584 329 1593; x_wconf 22' lang='grc' dir='ltr'>Ι</span> <span class='ocrx_word' id='word_1_9' title='bbox 451 1461 686 1601; x_wconf 73' lang='lat' dir='ltr'>Lr-uER</span> <span class='ocrx_word' id='word_1_10' title='bbox 733 1466 866 1545; x_wconf 73' lang='lat' dir='ltr'>vrrs</span> <span class='ocrx_word' id='word_1_11' title='bbox 1126 1468 1129 1474; x_wconf 47' lang='lat'><em>⁴</em></span> 
     </span>
    </p>
   </div>
   <div class='ocr_carea' id='block_1_3' title="bbox 544 1703 778 1733">
    <p class='ocr_par' dir='ltr' id='par_1_3' title="bbox 544 1703 778 1733">
     <span class='ocr_line' id='line_1_5' title="bbox 544 1703 778 1733; baseline -0.004 -4"><span class='ocrx_word' id='word_1_12' title='bbox 544 1703 778 1733; x_wconf 56' lang='lat' dir='ltr'><em>m</em></span> 
     </span>
    </p>
   </div>
   <div class='ocr_carea' id='block_1_4' title="bbox 177 1802 1228 3874">
    <p class='ocr_par' dir='ltr' id='par_1_4' title="bbox 151 1802 1228 3874">
     <span class='ocr_line' id='line_1_6' title="bbox 181 1802 1142 1992; baseline -0.003 -11"><span class='ocrx_word' id='word_1_13' title='bbox 181 1802 409 1981; x_wconf 71' lang='lat' dir='ltr'>Comus</span> <span class='ocrx_word' id='word_1_14' title='bbox 435 1899 575 1976; x_wconf 80' lang='lat' dir='ltr'>assiduis</span> <span class='ocrx_word' id='word_1_15' title='bbox 595 1901 864 1992; x_wconf 79' lang='lat' dir='ltr'>suisvoeibus,</span> <span class='ocrx_word' id='word_1_16' title='bbox 894 1901 1026 1992; x_wconf 83' lang='lat' dir='ltr'>Balbe,</span> <span class='ocrx_word' id='word_1_17' title='bbox 1052 1922 1142 1980; x_wconf 77' lang='lat' dir='ltr'>erm</span> 
     </span>
     <span class='ocr_line' id='line_1_7' title="bbox 178 2013 1144 2112; baseline -0.003 -23"><span class='ocrx_word' id='word_1_18' title='bbox 178 2016 393 2110; x_wconf 88' lang='lat' dir='ltr'>quotidiana</span> <span class='ocrx_word' id='word_1_19' title='bbox 424 2038 506 2087; x_wconf 86' lang='lat' dir='ltr'>mea</span> <span class='ocrx_word' id='word_1_20' title='bbox 528 2014 701 2090; x_wconf 78' lang='lat' dir='ltr'>recusatio</span> <span class='ocrx_word' id='word_1_21' title='bbox 730 2036 808 2087; x_wconf 90' lang='lat' dir='ltr'>non</span> <span class='ocrx_word' id='word_1_22' title='bbox 838 2013 1052 2112; x_wconf 84' lang='lat' dir='ltr'>difficultatis</span> <span class='ocrx_word' id='word_1_23' title='bbox 1077 2031 1144 2086; x_wconf 59' lang='lat' dir='ltr'>exi·</span> 
     </span>
     <span class='ocr_line' id='line_1_8' title="bbox 177 2117 1144 2222; baseline -0.002 -24"><span class='ocrx_word' id='word_1_24' title='bbox 177 2124 424 2215; x_wconf 81' lang='lat' dir='ltr'>cusationem,</span> <span class='ocrx_word' id='word_1_25' title='bbox 443 2124 521 2197; x_wconf 33' lang='lat' dir='ltr'>*fed</span> <span class='ocrx_word' id='word_1_26' title='bbox 543 2126 692 2198; x_wconf 85' lang='lat' dir='ltr'>inertiae</span> <span class='ocrx_word' id='word_1_27' title='bbox 715 2126 896 2200; x_wconf 78' lang='lat' dir='ltr'>videretur</span> <span class='ocrx_word' id='word_1_28' title='bbox 920 2117 1144 2222; x_wconf 86' lang='lat' dir='ltr'>deprecatio·</span> 
     </span>
     <span class='ocr_line' id='line_1_9' title="bbox 178 2226 1144 2331; baseline -0.007 -21"><span class='ocrx_word' id='word_1_29' title='bbox 178 2259 266 2310; x_wconf 89' lang='lat' dir='ltr'>nem</span> <span class='ocrx_word' id='word_1_30' title='bbox 291 2237 441 2325; x_wconf 89' lang='lat' dir='ltr'>habere,</span> <span class='ocrx_word' id='word_1_31' title='bbox 465 2235 710 2308; x_wconf 84' lang='lat' dir='ltr'>difficillimam</span> <span class='ocrx_word' id='word_1_32' title='bbox 736 2260 814 2308; x_wconf 85' lang='lat' dir='ltr'>rem</span> <span class='ocrx_word' id='word_1_33' title='bbox 836 2235 984 2331; x_wconf 86' lang='lat' dir='ltr'>suscepi.</span> <span class='ocrx_word' id='word_1_34' title='bbox 1018 2226 1144 2306; x_wconf 68' lang='lat' dir='ltr'>Caesa-⁵</span> 
     </span>
     <span class='ocr_line' id='line_1_10' title="bbox 178 2340 1144 2442; baseline -0.008 -24"><span class='ocrx_word' id='word_1_35' title='bbox 178 2345 224 2418; x_wconf 87' lang='lat' dir='ltr'>ris</span> <span class='ocrx_word' id='word_1_36' title='bbox 244 2345 351 2419; x_wconf 82' lang='lat' dir='ltr'>nostri</span> <span class='ocrx_word' id='word_1_37' title='bbox 366 2343 652 2419; x_wconf 75' lang='lat' dir='ltr'>Commentarios</span> <span class='ocrx_word' id='word_1_38' title='bbox 666 2368 788 2415; x_wconf 88' lang='lat' dir='ltr'>rerum</span> <span class='ocrx_word' id='word_1_39' title='bbox 805 2343 978 2442; x_wconf 82' lang='lat' dir='ltr'>gestarum</span> <span class='ocrx_word' id='word_1_40' title='bbox 996 2340 1144 2430; x_wconf 86' lang='lat' dir='ltr'>Galliae,</span> 
     </span>
     <span class='ocr_line' id='line_1_11' title="bbox 178 2451 1145 2548; baseline -0.006 -22"><span class='ocrx_word' id='word_1_41' title='bbox 178 2476 258 2526; x_wconf 90' lang='lat' dir='ltr'>non</span> <span class='ocrx_word' id='word_1_42' title='bbox 282 2451 541 2548; x_wconf 85' lang='lat' dir='ltr'>comparandos</span> <span class='ocrx_word' id='word_1_43' title='bbox 557 2451 800 2548; x_wconf 85' lang='lat' dir='ltr'>superioribus</span> <span class='ocrx_word' id='word_1_44' title='bbox 820 2468 931 2545; x_wconf 85' lang='lat' dir='ltr'>atque</span> <span class='ocrx_word' id='word_1_45' title='bbox 950 2451 1145 2548; x_wconf 57' lang='lat' dir='ltr'>insequere</span> 
     </span>
     <span class='ocr_line' id='line_1_12' title="bbox 178 2555 1199 2655; baseline -0.003 -20"><span class='ocrx_word' id='word_1_46' title='bbox 178 2561 277 2636; x_wconf 88' lang='lat' dir='ltr'>tibus</span> <span class='ocrx_word' id='word_1_47' title='bbox 305 2563 379 2637; x_wconf 89' lang='lat' dir='ltr'>eius</span> <span class='ocrx_word' id='word_1_48' title='bbox 406 2561 566 2655; x_wconf 84' lang='lat' dir='ltr'>scriptis,</span> <span class='ocrx_word' id='word_1_49' title='bbox 590 2560 810 2651; x_wconf 76' lang='lat' dir='ltr'>contextui,</span> <span class='ocrx_word' id='word_1_50' title='bbox 838 2558 1144 2653; x_wconf 69' lang='lat' dir='ltr'>novissimumque·</span> <span class='ocrx_word' id='word_1_51' title='bbox 1197 2555 1199 2564; x_wconf 80' lang='grc'><strong>’</strong></span> 
     </span>
     <span class='ocr_line' id='line_1_13' title="bbox 178 2669 1142 2770; baseline -0.006 -24"><span class='ocrx_word' id='word_1_52' title='bbox 178 2669 432 2768; x_wconf 71' lang='lat' dir='ltr'>imperfesium</span> <span class='ocrx_word' id='word_1_53' title='bbox 450 2672 497 2743; x_wconf 88' lang='lat' dir='ltr'>ab</span> <span class='ocrx_word' id='word_1_54' title='bbox 516 2674 624 2745; x_wconf 86' lang='lat' dir='ltr'>rebus</span> <span class='ocrx_word' id='word_1_55' title='bbox 642 2673 743 2770; x_wconf 78' lang='lat' dir='ltr'>gestis</span> <span class='ocrx_word' id='word_1_56' title='bbox 760 2669 999 2744; x_wconf 81' lang='lat' dir='ltr'>Alexandriae</span> <span class='ocrx_word' id='word_1_57' title='bbox 1022 2669 1142 2742; x_wconf 84' lang='lat' dir='ltr'>conse·</span> 
     </span>
     <span class='ocr_line' id='line_1_14' title="bbox 179 2781 1143 2878; baseline -0.004 -22"><span class='ocrx_word' id='word_1_58' title='bbox 179 2783 215 2856; x_wconf 83' lang='lat' dir='ltr'>ci</span> <span class='ocrx_word' id='word_1_59' title='bbox 237 2804 354 2875; x_wconf 90' lang='lat' dir='ltr'>usque</span> <span class='ocrx_word' id='word_1_60' title='bbox 379 2781 425 2851; x_wconf 88' lang='lat' dir='ltr'>ad</span> <span class='ocrx_word' id='word_1_61' title='bbox 448 2783 588 2854; x_wconf 88' lang='lat' dir='ltr'>exitum</span> <span class='ocrx_word' id='word_1_62' title='bbox 610 2808 686 2855; x_wconf 89' lang='lat' dir='ltr'>non</span> <span class='ocrx_word' id='word_1_63' title='bbox 711 2783 860 2878; x_wconf 89' lang='lat' dir='ltr'>quidem</span> <span class='ocrx_word' id='word_1_64' title='bbox 881 2782 992 2853; x_wconf 80' lang='lat' dir='ltr'>civilis</span> <span class='ocrx_word' id='word_1_65' title='bbox 1013 2783 1143 2872; x_wconf 54' lang='lat' dir='ltr'>dissenf</span> 
     </span>
     <span class='ocr_line' id='line_1_15' title="bbox 180 2889 1145 2977; baseline -0.005 -12.146"><span class='ocrx_word' id='word_1_66' title='bbox 180 2890 304 2977; x_wconf 80' lang='lat' dir='ltr'>sionis,</span> <span class='ocrx_word' id='word_1_67' title='bbox 330 2889 432 2962; x_wconf 87' lang='lat' dir='ltr'>cuius</span> <span class='ocrx_word' id='word_1_68' title='bbox 454 2889 566 2960; x_wconf 84' lang='lat' dir='ltr'>finem</span> <span class='ocrx_word' id='word_1_69' title='bbox 591 2894 737 2960; x_wconf 74' lang='lat' dir='ltr'>mallum</span> <span class='ocrx_word' id='word_1_70' title='bbox 757 2889 945 2976; x_wconf 70' lang='lat' dir='ltr'>videmus,</span> <span class='ocrx_word' id='word_1_71' title='bbox 971 2890 1033 2960; x_wconf 84' lang='lat' dir='ltr'>sed</span> <span class='ocrx_word' id='word_1_72' title='bbox 1048 2891 1145 2961; x_wconf 89' lang='lat' dir='ltr'>vitae</span> 
     </span>
     <span class='ocr_line' id='line_1_16' title="bbox 181 2992 1145 3104; baseline 0 -31"><span class='ocrx_word' id='word_1_73' title='bbox 181 2999 342 3073; x_wconf 74' lang='lat' dir='ltr'>Caesario</span> <span class='ocrx_word' id='word_1_74' title='bbox 372 3000 477 3104; x_wconf 79' lang='lat' dir='ltr'>Quos</span> <span class='ocrx_word' id='word_1_75' title='bbox 497 2992 634 3071; x_wconf 86' lang='lat' dir='ltr'>utinam</span> <span class='ocrx_word' id='word_1_76' title='bbox 656 2998 722 3092; x_wconf 92' lang='lat' dir='ltr'>qui</span> <span class='ocrx_word' id='word_1_77' title='bbox 742 2999 882 3097; x_wconf 85' lang='lat' dir='ltr'>legent,</span> <span class='ocrx_word' id='word_1_78' title='bbox 896 3000 981 3073; x_wconf 86' lang='lat' dir='ltr'>scire</span> <span class='ocrx_word' id='word_1_79' title='bbox 999 3001 1145 3095; x_wconf 83' lang='lat' dir='ltr'>possint,</span> 
     </span>
     <span class='ocr_line' id='line_1_17' title="bbox 181 3107 1228 3208; baseline -0.004 -22"><span class='ocrx_word' id='word_1_80' title='bbox 181 3137 293 3208; x_wconf 88' lang='lat' dir='ltr'>quam</span> <span class='ocrx_word' id='word_1_81' title='bbox 319 3111 452 3184; x_wconf 84' lang='lat' dir='ltr'>invitus</span> <span class='ocrx_word' id='word_1_82' title='bbox 474 3108 685 3205; x_wconf 82' lang='lat' dir='ltr'>susceperim</span> <span class='ocrx_word' id='word_1_83' title='bbox 708 3107 931 3197; x_wconf 83' lang='lat' dir='ltr'>scribendos3</span> <span class='ocrx_word' id='word_1_84' title='bbox 958 3135 1035 3204; x_wconf 90' lang='lat' dir='ltr'>quo</span> <span class='ocrx_word' id='word_1_85' title='bbox 1058 3110 1144 3182; x_wconf 86' lang='lat' dir='ltr'>saci-</span> <span class='ocrx_word' id='word_1_86' title='bbox 1223 3141 1228 3151; x_wconf 88' lang='lat'>·</span> 
     </span>
     <span class='ocr_line' id='line_1_18' title="bbox 181 3221 1143 3320; baseline 0.001 -24"><span class='ocrx_word' id='word_1_87' title='bbox 181 3223 251 3296; x_wconf 86' lang='lat' dir='ltr'>lius</span> <span class='ocrx_word' id='word_1_88' title='bbox 270 3247 406 3296; x_wconf 85' lang='lat' dir='ltr'>caream</span> <span class='ocrx_word' id='word_1_89' title='bbox 434 3221 607 3306; x_wconf 76' lang='lat' dir='ltr'>¹stultitiae</span> <span class='ocrx_word' id='word_1_90' title='bbox 635 3238 747 3314; x_wconf 89' lang='lat' dir='ltr'>atque</span> <span class='ocrx_word' id='word_1_91' title='bbox 779 3222 995 3320; x_wconf 81' lang='lat' dir='ltr'>arrogantiae</span> <span class='ocrx_word' id='word_1_92' title='bbox 1023 3226 1143 3298; x_wconf 84' lang='lat' dir='ltr'>crimi-</span> 
     </span>
     <span class='ocr_line' id='line_1_19' title="bbox 181 3329 1163 3427; baseline 0 -23"><span class='ocrx_word' id='word_1_93' title='bbox 181 3358 244 3423; x_wconf 88' lang='lat' dir='ltr'>ne,</span> <span class='ocrx_word' id='word_1_94' title='bbox 258 3332 324 3427; x_wconf 89' lang='lat' dir='ltr'>qui</span> <span class='ocrx_word' id='word_1_95' title='bbox 350 3342 411 3403; x_wconf 84' lang='lat' dir='ltr'>me</span> <span class='ocrx_word' id='word_1_96' title='bbox 438 3329 565 3402; x_wconf 86' lang='lat' dir='ltr'>mediis</span> <span class='ocrx_word' id='word_1_97' title='bbox 593 3330 865 3424; x_wconf 81' lang='lat' dir='ltr'>interposuerim</span> <span class='ocrx_word' id='word_1_98' title='bbox 885 3331 1034 3404; x_wconf 84' lang='lat' dir='ltr'>Caesaris</span> <span class='ocrx_word' id='word_1_99' title='bbox 1060 3335 1163 3404; x_wconf 57' lang='lat' dir='ltr'>scri»</span> 
     </span>
     <span class='ocr_line' id='line_1_20' title="bbox 182 3437 1210 3540; baseline 0.004 -30"><span class='ocrx_word' id='word_1_100' title='bbox 182 3440 263 3536; x_wconf 85' lang='lat' dir='ltr'>ptis.</span> <span class='ocrx_word' id='word_1_101' title='bbox 282 3439 427 3512; x_wconf 80' lang='lat' dir='ltr'>Constat</span> <span class='ocrx_word' id='word_1_102' title='bbox 442 3437 540 3510; x_wconf 88' lang='lat' dir='ltr'>enim</span> <span class='ocrx_word' id='word_1_103' title='bbox 565 3439 657 3510; x_wconf 85' lang='lat' dir='ltr'>inter</span> <span class='ocrx_word' id='word_1_104' title='bbox 679 3464 827 3529; x_wconf 80' lang='lat' dir='ltr'>omnes,</span> <span class='ocrx_word' id='word_1_105' title='bbox 849 3441 938 3513; x_wconf 85' lang='lat' dir='ltr'>nihil</span> <span class='ocrx_word' id='word_1_106' title='bbox 964 3458 1037 3514; x_wconf 87' lang='lat' dir='ltr'>tam</span> <span class='ocrx_word' id='word_1_107' title='bbox 1053 3469 1143 3540; x_wconf 87' lang='lat' dir='ltr'>ope-</span> <span class='ocrx_word' id='word_1_108' title='bbox 1206 3494 1210 3498; x_wconf 91' lang='lat'>-</span> 
     </span>
     <span class='ocr_line' id='line_1_21' title="bbox 181 3545 1138 3645; baseline 0.01 -25"><span class='ocrx_word' id='word_1_109' title='bbox 181 3549 259 3621; x_wconf 84' lang='lat' dir='ltr'>rose</span> <span class='ocrx_word' id='word_1_110' title='bbox 274 3550 321 3620; x_wconf 90' lang='lat' dir='ltr'>ab</span> <span class='ocrx_word' id='word_1_111' title='bbox 345 3550 419 3620; x_wconf 85' lang='lat' dir='ltr'>aliis</span> <span class='ocrx_word' id='word_1_112' title='bbox 442 3545 511 3619; x_wconf 83' lang='lat' dir='ltr'>esse</span> <span class='ocrx_word' id='word_1_113' title='bbox 532 3545 754 3643; x_wconf 68' lang='lat' dir='ltr'>perfossum,</span> <span class='ocrx_word' id='word_1_114' title='bbox 775 3551 879 3645; x_wconf 83' lang='lat' dir='ltr'>quod</span> <span class='ocrx_word' id='word_1_115' title='bbox 903 3577 980 3626; x_wconf 91' lang='lat' dir='ltr'>non</span> <span class='ocrx_word' id='word_1_116' title='bbox 1008 3558 1138 3630; x_wconf 87' lang='lat' dir='ltr'>horum</span> 
     </span>
     <span class='ocr_line' id='line_1_22' title="bbox 183 3659 1141 3760; baseline 0.013 -31"><span class='ocrx_word' id='word_1_117' title='bbox 183 3659 355 3754; x_wconf 86' lang='lat' dir='ltr'>elegantia</span> <span class='ocrx_word' id='word_1_118' title='bbox 376 3660 727 3734; x_wconf 86' lang='lat' dir='ltr'>Commentariorum</span> <span class='ocrx_word' id='word_1_119' title='bbox 744 3661 945 3758; x_wconf 83' lang='lat' dir='ltr'>superetur:</span> <span class='ocrx_word' id='word_1_120' title='bbox 969 3667 1034 3760; x_wconf 90' lang='lat' dir='ltr'>qui</span> <span class='ocrx_word' id='word_1_121' title='bbox 1055 3667 1141 3741; x_wconf 87' lang='lat' dir='ltr'>funt</span> 
     </span>
     <span class='ocr_line' id='line_1_23' title="bbox 183 3766 1141 3874; baseline 0.014 -35"><span class='ocrx_word' id='word_1_122' title='bbox 183 3766 298 3860; x_wconf 85' lang='lat' dir='ltr'>editi,</span> <span class='ocrx_word' id='word_1_123' title='bbox 319 3791 369 3842; x_wconf 90' lang='lat' dir='ltr'>ne</span> <span class='ocrx_word' id='word_1_124' title='bbox 396 3769 539 3844; x_wconf 82' lang='lat' dir='ltr'>scientia</span> <span class='ocrx_word' id='word_1_125' title='bbox 568 3785 748 3846; x_wconf 87' lang='lat' dir='ltr'>tantarum</span> <span class='ocrx_word' id='word_1_126' title='bbox 771 3799 892 3847; x_wconf 88' lang='lat' dir='ltr'>rerum</span> <span class='ocrx_word' id='word_1_127' title='bbox 913 3776 1141 3874; x_wconf 75' lang='lat' dir='ltr'>scriptoribus</span> 
     </span>
    </p>
   </div>
   <div class='ocr_carea' id='block_1_5' title="bbox 873 3872 1149 4019">
    <p class='ocr_par' dir='ltr' id='par_1_5' title="bbox 873 3872 1149 4019">
     <span class='ocr_line' id='line_1_24' title="bbox 873 3872 1149 4019; baseline -0.058 -40"><span class='ocrx_word' id='word_1_128' title='bbox 873 3872 958 3980; x_wconf 77' lang='lat' dir='ltr'>Qs</span> <span class='ocrx_word' id='word_1_129' title='bbox 1100 3958 1149 4019; x_wconf 94' lang='grc' dir='ltr'> </span> 
     </span>
    </p>
   </div>
   <div class='ocr_carea' id='block_1_6' title="bbox 0 0 1329 4426">
    <p class='ocr_par' dir='ltr' id='par_1_6' title="bbox 0 0 1329 4426">
     <span class='ocr_line' id='line_1_25' title="bbox 0 0 1329 4426; baseline 0 0"><span class='ocrx_word' id='word_1_130' title='bbox 0 0 1329 4426; x_wconf 95' lang='lat' dir='ltr'> </span> 
     </span>
    </p>
   </div>
  </div>
 </body>
</html>
