2632 4426
256 276 310 419 eo
433 327 508 403 ur
540 326 733 409 urrro
771 263 1037 406 cnrrrco

249 492 408 573 notium
432 494 633 588 impetum,
658 494 759 567 mint.
782 493 858 587 Ipse
882 494 1022 566 interim
1049 494 1087 567 in
1112 494 1207 566 colle
1234 493 1237 498 ’

253 605 375 682 medio
393 607 568 700 triplicem
593 605 704 677 aciem
729 603 892 677 instruxit
911 605 1095 702 legionum
1115 630 1206 698 qua·

252 733 338 792 tuor
349 731 593 787 veteranarum
603 766 615 801 ,
627 714 697 799 ita,
720 714 773 784 uti
786 715 887 807 supra
905 713 940 784 se
950 715 988 782 in
1002 713 1143 784 summo
1156 712 1206 784 iu·

253 836 300 924 go
313 825 400 898 duat
413 825 584 922 legiones,
599 824 736 916 quaein
748 824 861 896 Gallia
871 823 1030 894 citeriore
1040 819 1214 914 proximo

32 1011 36 1025 ,
68 927 70 931 ’
179 989 182 994 -
254 936 520 1029 conscripserat,
533 935 565 1008 tc
580 935 701 1005 omnia
717 935 844 1005 auxilia
863 936 1069 1006 collocaret:
1093 955 1134 1005 ac
1147 947 1208 1002 to·

253 1060 344 1122 turn·
361 1059 525 1116 montem
552 1045 759 1115 hominibus
781 1045 976 1137 compleri,
1010 1044 1042 1117 st
1073 1044 1206 1114 interea

218 1145 220 1155 ’
252 1153 397 1225 sarcinas
417 1154 455 1224 in
478 1175 593 1224 unum
613 1156 736 1224 lo'cum
751 1154 921 1242 conferri,
936 1157 968 1228 s<
982 1180 1066 1226 eum
1086 1154 1132 1223 ab
1146 1153 1206 1241 iis,

209 1260 211 1264 '
254 1264 320 1357 qui
342 1264 381 1334 in
405 1263 584 1356 superiore
603 1264 675 1334 acie
688 1264 933 1352 constiterant,
951 1264 1084 1334 muniri
1102 1263 1206 1332 iullrt.

221 1438 224 1442 A
253 1374 432 1461 Helvetii,
456 1398 540 1445 cum
567 1373 736 1445 omnihus
762 1373 829 1444 suis
855 1375 956 1445 carris
978 1373 1109 1462 secuti,
1133 1372 1208 1442 ime
1286 1404 1289 1409 ·

152 1546 156 1554 ,
253 1485 463 1579 pedimenta
493 1485 531 1555 in
553 1507 668 1555 unum
691 1484 813 1553 locum
841 1485 1094 1555 contulerunt:
1120 1481 1207 1576 ipfi,
1293 1536 1295 1539 .

255 1592 502 1664 confertissima
521 1593 611 1678 acie,
635 1587 763 1662 reiecto
785 1595 902 1664 nostro
920 1593 1102 1685 equitatu,
1119 1594 1209 1688 pha-

255 1701 358 1799 lange
372 1698 482 1787 fasla,
503 1700 569 1771 sub
582 1702 741 1796 primam.
753 1704 903 1772 nostram
920 1703 1032 1774 aciem
1047 1703 1209 1775 successe·

196 1829 238 1908 25
256 1828 351 1885 runt
375 1811 514 1897 Caesar,
531 1810 687 1903 primum
712 1811 797 1897 suo,
819 1811 951 1883 deinde
973 1813 1138 1883 omnium
1161 1827 1209 1886 erc

133 1918 135 1921 ’
257 1913 447 2012 conspectu
471 1918 615 1991 remotis
637 1917 757 2008 equis,
780 1934 844 2005 ut,
868 1937 1020 2012 aequato
1040 1922 1207 1994 omnium

258 2030 444 2126 periculo,
467 2029 565 2122 spem
590 2020 865 2126 fugae-tolleret,
890 2031 1091 2102 cohortatus
1107 2031 1206 2118 suos,

258 2139 436 2233 proelium
451 2136 633 2207 commisrt⁴
648 2136 797 2221 Milites,
814 2137 924 2207 eloco
938 2137 1115 2232 superiore
1126 2135 1208 2234 pilis
1303 2205 1306 2208 ,

236 2246 388 2342 millis,
413 2246 513 2316 facile
537 2245 692 2315 hostium
717 2247 928 2345 phalangem
950 2249 1208 2348 perfregerunt.
1300 2262 1304 2278 ¹

256 2352 310 2428 Ea
329 2350 488 2441 disieCla,
509 2353 629 2452 gladiis
653 2351 810 2427 districtis
828 2357 866 2427 in
885 2381 944 2427 eos
962 2351 1141 2451 impetum
1158 2359 1209 2430 fe·
1280 2348 1284 2356 ’

235 2512 237 2516 »
258 2485 396 2539 cerunt.
421 2467 527 2539 Gallis
552 2490 683 2562 magno
708 2467 755 2536 ad
780 2491 937 2564 pugnam
962 2487 1033 2538 erat
1056 2471 1210 2562 impedi·
1235 2492 1237 2495 ·
1302 2464 1304 2468 ’

257 2591 406 2663 mento,
428 2575 548 2669 quod,
560 2573 722 2665 pluribus
735 2599 859 2644 eorum
871 2575 975 2644 scutis
987 2599 1063 2646 uno
1077 2571 1148 2646 ictu
1160 2578 1214 2670 pi·-

230 2687 233 2690 ’
259 2685 379 2754 lorum
392 2682 547 2753 tranfixis
559 2681 592 2752 8c
604 2680 790 2777 colligatis,
812 2705 894 2767 cum
909 2677 1041 2752 serrum
1057 2683 1090 2754 se
1107 2683 1210 2755 infle-

260 2791 382 2879 xisset,
396 2815 517 2885 neque
538 2793 708 2878 evellere,
725 2816 859 2884 neque,
872 2792 1000 2863 smistra
1013 2793 1208 2888 impedita,

260 2902 542 2974 satiscommode
562 2925 718 2997 pugnare
739 2919 920 2995 poterant3
945 2904 1051 2973 multi
1065 2920 1123 2990 ut,
1143 2904 1209 2976 diu

261 3008 388 3084 iaslato
402 3011 560 3098 brachio,
572 3026 821 3106 praeoptarent
835 3015 974 3083 scutum
989 3037 1097 3082 manu
1112 3015 1211 3086 emit·

261 3142 355 3212 tere,
373 3125 405 3198 8c
425 3125 527 3195 nudo
551 3148 698 3218 corpore
723 3149 892 3221 pugnare.
921 3125 1106 3215 Tandem,
1129 3131 1210 3198 'vulf

159 3267 162 3277 ⁸
262 3235 407 3305 neribus
441 3234 581 3321 deselst,
618 3233 658 3333 sc·
677 3234 807 3325 pedem
839 3233 986 3326 referre,
1021 3237 1074 3323 &,
1106 3222 1234 3328 quod·

263 3370 369 3418 mons
380 3345 518 3417 suberat
540 3346 676 3418 circiter
694 3348 792 3415 mille
812 3343 992 3438 passuum,
1013 3372 1057 3418 eo
1072 3347 1106 3417 se
1124 3349 1221 3439 recig
1296 3384 1304 3393 =

263 3481 349 3553 pere
372 3474 579 3551 coeperunt.
597 3458 713 3550 Capto
732 3473 874 3542 monte,
891 3455 1211 3528 &succedentibus

231 3565 406 3654 montis,
430 3567 506 3636 Boii
522 3566 553 3637 8c
573 3565 719 3662 Tulingi
732 3617 742 3652 ,
755 3567 829 3657 'qui
849 3565 1038 3634 hominum
1050 3567 1211 3636 millibus

262 3676 399 3747 'circiter
426 3680 484 3748 tlv
511 3702 639 3776 agmen
660 3677 812 3747 hostium
834 3676 1064 3766 claudebant,
1094 3676 1213 3748 &no-

263 3788 405 3859 vissimis
424 3787 595 3884 praefidio
618 3782 735 3879 erant,
757 3813 803 3859 ex
814 3788 938 3860 itinere
958 3788 1091 3861 nostros
1103 3791 1250 3874 latere(=
