2632 4426
188 338 301 448 29⁴·
431 333 507 408 un
540 331 745 407 Burro
760 312 1039 408 cnbmc'o
1122 398 1125 401 ,

254 514 328 573 erat
352 478 522 592 quinque
546 497 700 587 millium¹
725 482 922 587 numerus,
948 522 1033 570 cum
1053 497 1164 594 iplr
1134 519 1212 604 non
1290 498 1293 503 ’

224 608 405 704 amplius
429 621 529 679 D‘coc
561 609 699 701 equites
725 596 916 695 haberent,
948 609 1213 704 quod”11,·qui

139 709 525 821 „frumentandi
516 719 636 790 causa
629 734 740 789 rerant
760 733 853 788 trans
872 715 1028 807 Mosam,
1042 720 1225 793 nondum

121 874 124 879 ·
210 800 449 909 stedierant3
441 827 562 897 nihil
586 825 799 897 timentibus
821 823 984 912 noslris,
997 824 1102 919 quod
1119 831 1216 926 lega

249 939 429 1014 tieorum
451 923 574 1032 paullo
594 950 676 1007 ante
697 935 875 1007 aCaesare
896 935 1137 1043 discesserant,
1159 956 1214 1010 at·

127 1026 163 1073 '³‘
192 1083 194 1086 ·
253 1072 327 1145 que
346 1050 373 1118 is
398 1047 478 1118 dies
497 1046 647 1116 induciis
669 1063 741 1117 erat
764 1046 847 1116 ab”
826 1070 864 1115 ns
880 1035 1037 1138 petitus,
1073 1047 1213 1141 impetu

251 1155 365 1246 fallo,
391 1147 560 1229 celeriter
573 1157 707 1228 nostros
734 1143 1041 1250 perturbaverunt
1083 1160 1214 1230 Rursus'

202 1306 212 1313 ·
251 1269 487 1343 resistentibus
510 1269 649 1355 nostris,
679 1261 940 1359 consuetudine
962 1267 1021 1340 sua
1040 1268 1087 1338 ad
1101 1271 1213 1364 pedes

253 1375 488 1471 desiluerunt,
517 1379 734 1471 suffossrsque
751 1379 873 1472 equis,
891 1381 1212 1474 compluribusque
1265 1402 1268 1416 “’

132 1580 134 1584 v
197 1544 198 1548 =
248 1492 376 1590 ‘nostris
397 1483 559 1577 deieslis,
582 1489 739 1582 reliquos
761 1489 800 1559 in
817 1489 938 1586 fugam
959 1489 1212 1577 coniecerunt,

175 1647 177 1649 >
253 1618 364 1695 atque
380 1602 430 1671 ita
449 1597 651 1694 perterritos
675 1614 847 1695 egerunt,
879 1617 921 1694 ut
945 1622 1021 1669 non
1044 1602 1140 1693 prius
1155 1601 1214 1671 fu-

253 1728 299 1812 ga
320 1709 540 1795 defluerent,
557 1708 716 1800 quamin
732 1703 963 1799 conspeslum
982 1710 1129 1806 agminis
1148 1720 1213 1780 no*

199 1813 201 1820 '
254 1822 313 1893 stri
328 1818 519 1894 venissent:
533 1817 576 1889 In
601 1843 645 1888 eo
661 1817 800 1912 proelio
822 1842 869 1888 ex
891 1818 1074 1910 equitibus
1091 1818 1213 1890 nostris'

253 1931 517 2007 interficiuntur
541 1947 584 2000 1v
612 1930 644 2000 8c
670 1947 765 1998 Lxx:
792 1929 832 1996 in
851 1927 905 1997 his
930 1929 983 1998 vir
1012 1928 1213 1999 fortiffimus

149 2085 152 2091 ·
240 2037 336 2129 ¹Piso
355 2034 577 2131 Aquitanus,
596 2034 805 2128 amplissimo
824 2057 953 2132 genere
968 2046 1089 2123 natus,
1112 2041 1213 2107 cuius

257 2173 342 2222 avus
355 2148 394 2218 in
417 2148 558 2219 civitate
579 2146 639 2217 sua
659 2169 810 2243 regnum
828 2146 1056 2232 obtinuerat,
1078 2148 1213 2217 amicus

256 2259 303 2332 ab
317 2260 439 2330 senatu
466 2258 584 2343 nostro
610 2257 818 2352 appellatus.
840 2248 910 2352 Hic
932 2279 1018 2327 curn
1043 2255 1138 2325 fratri
1158 2256 1214 2342 in-

256 2367 409 2440 tercluso
433 2366 478 2439 ab
499 2367 662 2447 ‘hostibus
681 2366 854 2438 auxilium
879 2364 1003 2456 ferret,
1038 2365 1141 2434 illum
1168 2386 1214 2458 ex

255 2480 417 2576 periculo
434 2478 587 2572 eripuit:
618 2474 691 2569 ipse
712 2500 809 2570 equo
830 2478 1016 2548 vulnerato
1036 2470 1214 2571 duellos,

197 2673 199 2676 y
247 2589 378 2684 ¹quoad
399 2586 544 2684 potuit,
577 2585 757 2657 fortissime
781 2586 915 2656 restitit.
944 2586 1039 2666 Cum
1064 2581 1215 2657 circum

256 2712 406 2783 ventus,
437 2694 560 2766 multis
587 2695 794 2766 vulneribus
812 2696 988 2790 acceptis,
1016 2693 1212 2784 cecidisset,

257 2823 367 2898 atque
395 2803 435 2874 id
448 2805 573 2890 frater,
594 2803 739 2896 quiiam
752 2807 890 2899 proelio
909 2803 1092 2879 excesserat
1105 2858 1115 2893 ,
1130 2829 1214 2899 pro·

127 2957 131 2966 ›
258 2915 320 2984 cul
338 2913 658 3002 animadvertisset,
681 2914 829 2986 incitato
850 2916 1032 3009 equosese
1056 2918 1214 2989 hostibus

42 3020 55 3063 l
201 3043 240 3119 13
259 3023 414 3110 obtulit,
439 3040 549 3118 atque
572 3025 684 3096 interf
667 3021 777 3096 fellus
802 3027 861 3096 est
897 3027 977 3097 Hoc
998 3021 1088 3097 saslo
1111 3050 1214 3119 proe-

257 3134 329 3222 lio,
351 3135 472 3206 Caesar
497 3160 618 3229 neque
642 3139 712 3208 iam
737 3136 801 3208 srbi
828 3139 958 3235 legatos
985 3131 1212 3222 audiendos,

256 3268 379 3337 neque
412 3245 637 3316 conditiones
664 3246 882 3340 accipiendas
906 3245 1150 3316 arbitrabatur
1165 3242 1212 3312 ab

259 3350 332 3439 his,
354 3350 418 3444 qui
431 3347 505 3444 per'
520 3351 645 3422 dolum
665 3369 775 3445 atque
795 3354 955 3449 infidias,
975 3353 1086 3446 petita
1103 3357 1213 3444 pace,

207 3550 233 3559 ἢ
258 3462 354 3532 ultro
375 3461 514 3533 bellum
534 3462 747 3533 intulissent&
768 3460 966 3558 exspeliare
982 3488 1092 3550 vero,
1120 3463 1211 3551 dum

258 3565 414 3647 hostium
432 3572 557 3666 copiae
577 3590 806 3669 augerentur,
831 3575 1084 3667 equitatusque
1101 3598 1212 3645 revere

202 3708 206 3716 ’
257 3695 414 3767 teretur,
444 3680 607 3751 summae
634 3680 833 3755 dementiae
860 3680 925 3752 esse
954 3682 1213 3753 iudicabatzslc'

260 3788 400 3887 cognita
411 3788 596 3862 Gallorum
610 3789 826 3882 infirmitate,
840 3783 1019 3885 quantum
1030 3791 1102 3911 iam
1115 3789 1214 3886 apud
1310 3781 1312 3784 ’
