2632 4426
313 315 315 318 ‘
391 334 624 412 uranu
670 334 775 410 vir.
989 336 1065 440 '205'

107 499 293 585 antecellit.
323 501 446 573 Caesar
462 527 508 572 ex
527 525 570 572 eo
588 503 670 571 loco
688 500 822 594 quintis
842 501 953 576 callais
973 505 1061 578 Ger·
1079 505 1126 607 36

107 618 248 715 goviam
269 613 449 708 pervenit;
480 607 704 704 equestrique
718 614 854 706 proelio
876 641 919 686 eo
942 615 1000 688 die
1014 621 1064 690 le-

46 713 49 730 ⁴
108 726 147 798 vi
162 720 278 810 sablo,
305 715 487 816 perspedib
513 721 611 790 urbis
637 720 724 806 sltu,
752 745 867 812 quae,
891 725 1002 816 posita
1024 729 1063 799 iri

108 831 270 901 altissimo
283 846 429 914 monte,
447 853 571 898 omnes
586 824 700 896 aditus
718 827 873 898 difficiles
890 831 1063 920 habebat,
1087 880 1090 883 -

110 939 163 1009 de¹
172 939 437 1035 expugnatione
460 937 654 1028 desperavit
666 952 690 1021 3·
704 936 753 1006 de
774 937 966 1013 obsessione
986 966 1063 1014 non

109 1051 208 1142 prius
232 1049 411 1144 agendum
428 1046 624 1132 constituit,
649 1072 758 1139 quarn
775 1074 851 1119 rem
866 1049 1064 1149 frumenta7

110 1159 198 1229 riam
218 1155 419 1249 expedisset.
447 1152 496 1223 At
509 1154 802 1250 Vercingetorix,
821 1160 930 1228 castris
948 1172 1063 1254 prope

111 1269 292 1362 oppidum
319 1267 357 1335 in
372 1281 497 1335 monte
511 1265 647 1356 pofitis,
666 1265 906 1336 mediocribus
928 1271 1064 1347 circum
1135 1296 1139 1302 ’

111 1377 160 1449 se·
177 1376 366 1447 intervallis
396 1375 580 1467 separatim
614 1375 829 1471 singularum
866 1378 1064 1451 civitatium

113 1487 231 1578 copias
259 1486 508 1567 collocaverat;
541 1497 650 1575 atque
687 1483 858 1553 omnibus
888 1485 961 1555 eius
990 1489 1065 1584 iugi

112 1591 265 1664 collibus
289 1590 488 1683 occupatis,
516 1614 596 1682 qua,
611 1589 741 1681 despici
766 1607 924 1682 poterat,
951 1594 1066 1687 horst.
1166 1602 1169 1615 ·

114 1703 226 1772 bilem
251 1699 402 1792 speciem
433 1698 642 1792 praebebat:
673 1701 921 1795 principesque
943 1729 1064 1776 earum

115 1811 334 1897 civitatium,
366 1833 456 1932 quos
475 1809 541 1879 fibi
568 1808 613 1878 ad
635 1800 1064 1906 consiliumocapiendum

113 1923 312 2044 delegerat,
353 1921 467 2014 prima
495 1922 576 1991 luce
605 1921 768 2013 quotidie
789 1923 834 1992 ad
860 1925 894 1992 se
918 1925 1067 1996 iubebat

114 2032 328 2116 convenire,
349 2031 408 2102 seu
423 2028 512 2122 quld
525 2030 885 2118 communicandum
898 2030 957 2102 seu
974 2033 1066 2126 quid
1171 2075 1173 2080 ·
1224 2117 1229 2126 ι

115 2140 434 2212 administrandum
461 2141 657 2210 videretur:
698 2165 819 2234 neque
852 2145 968 2214 ullum
993 2145 1066 2217 sere

117 2255 213 2324 diem
233 2252 512 2337 intermittebat,
538 2251 627 2343 quin
650 2253 800 2343 equestri
823 2255 984 2347 proelio,
1010 2258 1067 2326 ins
1168 2257 1171 2284 ³

115 2359 264 2435 teriedlis
281 2361 478 2460 sagittariis,
504 2360 593 2454 quid
617 2361 655 2428 in
673 2383 824 2454 quoque
853 2364 934 2434 esset
957 2370 1067 2439 animi

39 2511 41 2514 ·
117 2497 158 2544 ac
171 2475 308 2568 virtutis
328 2472 491 2555 suorum,
506 2470 768 2563 periclitaretur.
791 2470 872 2541 Erat
889 2475 1067 2572 eregione

118 2578 247 2673 oppidi
262 2581 360 2648 collis
380 2578 446 2649 sub
461 2577 540 2671 ipsis
557 2577 732 2648 radicibus
753 2579 907 2666 montis,
929 2583 1067 2678 egregie

118 2690 302 2775 munitus,
335 2704 444 2780 atque
480 2703 526 2756 ex
556 2687 656 2756 omni
691 2705 790 2780 parte
821 2688 1066 2777 circumcisus;

118 2793 259 2893 (quern
272 2796 296 2864 fi
310 2811 470 2864 tenerent
487 2794 615 2878 nostri,
636 2795 667 2865 tc
690 2820 801 2887 aquae
818 2822 944 2894 magna
968 2786 1069 2891 parte

78 2987 80 2991 y
119 2904 400 2996 &pabulatione
419 2905 528 3000 libera
550 2905 763 2997 prohibituri
779 2908 891 2978 hostes
904 2910 1070 2980 videban-

119 3025 200 3096 tur,
230 3010 289 3080 sed
309 3012 335 3078 is
360 3013 457 3080 locus
476 3012 645 3103 praefidio
669 3010 714 3078 ab
734 3013 772 3079 iis
790 3033 865 3082 non
885 3015 1069 3086 nimisfir·
1132 3083 1136 3092 ,
1207 3064 1210 3072 ,

120 3146 184 3193 mo
198 3123 401 3193 tenebatur:
414 3123 428 3216 )
448 3137 566 3192 tamen
584 3121 719 3191 silentio
741 3117 850 3193 nosiis
865 3122 1007 3214 Caesar,
1022 3132 1080 3200 ex'

121 3234 232 3304 castris
250 3233 415 3333 egrellus,
442 3237 538 3328 prius
560 3261 668 3328 quam
685 3235 841 3306 subsldio
863 3261 909 3308 ex
926 3239 1069 3332 oppido
1106 3242 1131 3320 l,

121 3346 235 3415 veniri
266 3345 401 3438 pollet,
450 3341 586 3416 deiecto
608 3347 778 3439 praesidio
802 3349 935 3439 potitus
963 3353 1069 3441 locu,

123 3452 211 3522 duas
238 3452 288 3522 ibi
314 3454 467 3550 legiones
493 3456 695 3540 collocavit,
725 3455 919 3551 fossamque
949 3459 1071 3553 dupli-

121 3583 200 3628 cem
232 3561 444 3632 duodenum
469 3562 606 3656 pedum
631 3587 650 3631 a
672 3564 861 3634 maioribus
886 3557 997 3636 castris
1022 3564 1070 3635 ad
1104 3638 1118 3671 '

121 3667 258 3736 minora
274 3670 465 3761 perduxit,
482 3689 523 3740 ut
542 3689 622 3742 tuto
646 3672 691 3741 ab
709 3675 895 3765 repentino
914 3673 1068 3745 hostium
1119 3692 1125 3705 '

123 3773 264 3844 incursu
294 3777 400 3848 etiam
424 3777 548 3876 singuli
570 3781 768 3853 commeare
795 3780 942 3876 pollent.
966 3783 1133 3883 Dum37
1185 3872 1202 3895 X
