2632 4426
125 296 128 301 Ι
246 362 323 447 sse
419 320 725 431 asserto
762 354 1041 431 nitesco

247 540 327 597 tem
350 522 611 618 impedimenta
634 519 902 617 oppidanorum
927 518 1087 607 videret,
1115 542 1213 622 quae

245 630 511 704 stelandestina
529 631 612 729 fuga
631 629 838 701 subtrahere
856 645 1093 716 conarentur,
1122 620 1219 699 effu:

218 728 222 748 ’
246 765 425 844 gere-non
439 739 554 812 modo
567 732 793 832 equitatum,
814 734 876 808 sed
897 762 944 809 ne
957 738 1114 836 legiones
1128 735 1214 830 qui·

248 851 338 925 dem
358 846 518 944 pollenti
542 845 721 940 tripartito
733 844 945 937 cohortibus
964 844 1228 934 divilu,.trina

247 958 475 1031 excelfiffimo
499 959 583 1029 loco
606 958 712 1029 castra
733 956 842 1046 fecit,
875 954 1214 1052 aquibuspaulla·

247 1074 334 1157 tim,
362 1087 543 1165 quantum
569 1070 696 1165 copiae
718 1069 974 1165 patiebantur,
1004 1073 1144 1144 vanum
1168 1070 1219 1144 ir'r'

183 1202 233 1276 34
249 1184 378 1280 oppidi
391 1184 582 1256 circuitum
595 1183 727 1256 ducere
741 1185 903 1256 instituit.
918 1183 1128 1292 Quodnam
1139 1180 1214 1254 ani-

245 1320 352 1369 mum
370 1295 596 1367 adverterent
609 1294 808 1391 oppidani,
834 1288 1101 1388 miserrimaque
1124 1292 1235 1385 llle-¹
1282 1297 1285 1301 ’

246 1407 313 1480 fiae
336 1407 511 1479 memoria
535 1407 675 1478 solliciti
695 1406 849 1479 similem
873 1398 992 1480 casum
1007 1406 1214 1479 obsellionis

243 1534 474 1604 termentum
500 1517 733 1610 maximeque
757 1542 804 1588 ex
823 1512 1215 1606 omnibusLutlerins,

247 1627 312 1723 qui
331 1625 497 1699 fortunae
517 1629 609 1698 illius
630 1625 834 1720 periculum
853 1624 1004 1713 fecerat,
1026 1638 1212 1710 moneret,

245 1736 421 1809 frumenti
441 1739 620 1809 rationem·
642 1733 711 1806 elle
734 1734 961 1806 habendams
987 1732 1212 1827 constitupnt

241 1846 415 1917 omnium
435 1844 627 1933 consensu,
653 1860 754 1938 parte
775 1844 828 1914 ibi
852 1839 972 1915 relius
996 1843 1183 1938 copiarum
1197 1886 1226 1927 ,,

245 1953 312 2048 ipss
332 1979 418 2026 cum
440 1955 615 2048 expeditis
634 1954 680 2025 ad
693 1953 968 2049 importandum
982 1953 1211 2024 frumentum

179 2072 183 2081 '
208 2112 212 2119 ·
244 2061 429 2157 proticisci.
467 2062 519 2134 Eo
533 2063 681 2135 consilio
693 2062 867 2156 probato,
890 2063 1056 2158 proxima
1076 2054 1213 2147 nolle,

244 2172 395 2245 duobus
412 2166 571 2245 millibus
589 2191 810 2245 armatorum
821 2170 969 2263 renuis,
990 2174 1148 2267 reliquos
1160 2192 1209 2244 ex

247 2282 387 2378 oppido
410 2283 573 2377 Drappes
593 2283 626 2353 8c
645 2278 828 2355 Lucterius
841 2284 1024 2355 educunt:
1053 2283 1098 2370 ii,
1118 2304 1212 2376 pau·

247 2416 309 2466 cos
331 2395 405 2465 dies
418 2395 587 2487 'morati,·
611 2418 657 2466 ex
685 2394 817 2466 finibus
842 2393 1111 2497 Cadurcorum,
1148 2386 1215 2483 qui

247 2504 378 2600 partim
401 2528 439 2574 re
460 2503 686 2577 frumentaria
709 2503 894 2575 sublevare
911 2528 970 2574 eos
990 2499 1213 2594 cupiebant,

240 2608 379 2707 partim
404 2610 621 2705 prohibere,
655 2633 732 2701 quo
756 2609 877 2679 minus
897 2610 1101 2697 sumerent,
1131 2629 1211 2678 non

247 2740 436 2818 poterant,
463 2745 636 2818 magnum
653 2744 846 2795 numerum
864 2719 1037 2792 frumenti
1060 2743 1212 2815 compa·

247 2848 348 2905 rant:
376 2852 653 2924 nonnunquam
676 2848 800 2902 antem
830 2830 1122 2927 expeditionibus
1140 2852 1212 2899 no-

247 2936 380 3014 tlurnis
393 2942 527 3014 castella
545 2943 753 3015 nostrorum
768 2942 991 3013 adoriuntur.
1018 2943 1143 3047 Quam
1157 2939 1212 3009 ob

247 3050 388 3124 causam
410 3052 447 3123 C.
461 3051 632 3122 Caninius
646 3070 726 3125 toto
745 3054 887 3149 oppido
903 3053 1126 3129 munitiones
1141 3049 1212 3122 cir·

238 3162 418 3234 rumdam
436 3158 644 3251 cunilatur,
666 3188 712 3235 ne
733 3181 796 3236 aut
820 3152 911 3260 opus
928 3163 1095 3238 effodiam
1115 3162 1212 3236 'tueri

249 3293 326 3341 uon
350 3263 477 3366 pollis,
502 3289 564 3342 aut
586 3273 749 3366 plurimis
775 3273 859 3344 locis
882 3274 1021 3344 infirma
1044 3273 1214 3366 disponat

176 3384 230 3485 ξς
250 3381 426 3478 praesidia.
440 3383 569 3480 Magna
586 3386 688 3480 copia
702 3384 874 3456 frumenti
885 3396 1108 3480 comparata,
1126 3406 1210 3456 con·

249 3493 373 3566 fidunt
389 3494 551 3588 Drappes
570 3494 603 3568 lc
625 3492 808 3568 Lutterius
827 3520 906 3567 non
926 3497 1068 3593 longius
1079 3495 1127 3566 ab
1141 3520 1211 3590 op·

249 3602 341 3701 pido
361 3622 389 3674 x
411 3592 569 3678 millibus
595 3606 780 3700 palluum,
807 3608 908 3678 unde
925 3606 1110 3702 paullatim
1131 3605 1210 3677 fru-

251 3731 420 3786 mentum
436 3715 475 3786 in
490 3716 670 3811 oppidum
687 3716 948 3812 supportarent.
974 3716 1041 3812 Ipsr
1061 3717 1154 3786 inter
1173 3715 1212 3788 se

249 3820 454 3920 provinciis
473 3827 680 3923 partiuntur
694 3854 703 3900 r
730 3826 892 3925 Drappes
908 3826 1026 3901 castris
1034 3825 1215 3924 praefidio
