2632 4426
79 368 82 377 .
165 330 265 420 ω
346 321 413 433 nr
437 315 593 394 rutro
619 307 941 393 onrnco'rrr.
969 319 1049 394 vn.
1128 297 1136 307 '

182 488 250 554 ‘r'os
266 480 674 574 pollicenturnlmperat
692 504 865 579 magnum
884 504 1077 552 numerum
1091 475 1159 557 ob⁴

191 592 319 662 fidum.
342 592 516 689 Legiones
537 592 575 662 in
593 592 740 662 hiberna
757 591 896 665 mittit:
926 593 1156 686 captivorum

192 700 338 771 circiter
353 720 406 770 xx
433 701 545 770 millia
572 701 706 772 Aeduis
731 699 971 793 Arvernisque
994 700 1151 771 reddit:

191 807 236 880 T.
254 810 456 881 Labienum
487 835 572 891 cum
599 830 629 879 11
651 809 897 907 legionibus&
920 813 1085 904 equitatu
1107 813 1152 881 ’in

190 917 566 1012 Sequanosprolicifci
579 918 701 991 iubet:
721 920 807 991 huic
824 920 875 990 Μ.
893 920 1153 1014 Sempronium

188 1029 354 1103 Rutilum
381 1029 577 1100 attribuitz-
595 1028 635 1101 C.
658 1029 810 1099 Fabium
833 1029 924 1101 &L
943 1031 1155 1103 Minucium

188 1137 341 1212 Basilum
365 1152 456 1212 cum'
479 1161 513 1210 11
541 1141 750 1238 legionibus
764 1141 803 1211 in
825 1143 945 1214 Remis
977 1145 1152 1233 collocat,

188 1275 363 1344 nequam
391 1275 411 1321 a
436 1251 595 1323 finitimis
620 1248 811 1321 Bellovacis
832 1251 1067 1324 calamitatem
1088 1277 1158 1325 ac·

154 1390 171 1445 ·,
187 1364 330 1456 cipiant.
355 1362 396 1432 C.
414 1359 607 1463 Antistium
623 1361 803 1459 Reginum
826 1361 864 1430 in
880 1362 1151 1452 Ambivaretos,

129 1481 134 1493 “
186 1465 232 1546 T.
247 1475 412 1547 Sextium
429 1475 467 1544 in
481 1473 673 1569 Bituriges,
694 1473 737 1543 C.
758 1473 950 1545 Caninium
972 1473 1148 1547 Rebilum

157 1628 161 1634 ι
187 1584 226 1654 in
246 1583 406 1654 Rutenos
428 1605 512 1652 curn
539 1580 681 1676 singulis
706 1580 907 1675 legionibus
933 1581 1054 1652 mittit.
1093 1582 1146 1685 Q.

186 1691 352 1764 Tullium
383 1691 592 1762 Ciceronem
616 1690 713 1761 &R
737 1688 937 1782 Sulpicium
965 1689 1147 1760 Cabilloni

158 1797 219 1886 38<
241 1799 437 1868 Matiscone
457 1796 496 1866 in
519 1794 654 1867 Aeduis
679 1797 726 1866 ad
748 1794 902 1882 Ararim,
920 1797 971 1867 rei
987 1796 1147 1869 frumen·

159 1938 161 1942 ’
185 1910 293 1978 cariae
305 1907 429 1995 causa,
453 1908 614 2002 collocat.
626 1908 702 2001 Ipse
722 1903 880 1979 Bibracte
894 1910 1047 1989 hiemare
1061 1932 1149 1979 con·

171 2018 314 2089 'suituin
340 2019 402 2088 His
422 2019 528 2089 rebus
553 2020 661 2091 literis
691 2018 841 2089 Caesaris
870 2019 1040 2115 cognitis,
1064 2016 1147 2110 Ro-

182 2123 506 2215 anaessdierum--xx
528 2128 740 2224 supplicatio
756 2127 936 2229 indicitur.
1067 2118 1069 2131 ”
1115 2119 1131 2126 ”
