<?xml version="1.0" encoding="UTF-8"?>
<!DOCTYPE html PUBLIC "-//W3C//DTD XHTML 1.0 Transitional//EN"
    "http://www.w3.org/TR/xhtml1/DTD/xhtml1-transitional.dtd">
<html xmlns="http://www.w3.org/1999/xhtml" xml:lang="en" lang="en">
 <head>
  <title>
</title>
<meta http-equiv="Content-Type" content="text/html;charset=utf-8" />
  <meta name='ocr-system' content='tesseract 3.04.00' />
  <meta name='ocr-capabilities' content='ocr_page ocr_carea ocr_par ocr_line ocrx_word'/>
</head>
<body>
  <div class='ocr_page' id='page_1' title='image "./ciuliicaesarisd00bipogoog_0373.png"; bbox 0 0 2632 4426; ppageno 0'>
   <div class='ocr_carea' id='block_1_1' title="bbox 166 288 1027 403">
    <p class='ocr_par' dir='ltr' id='par_1_1' title="bbox 166 265 1164 403">
     <span class='ocr_line' id='line_1_1' title="bbox 166 288 1027 403; baseline -0.005 -13"><span class='ocrx_word' id='word_1_1' title='bbox 166 328 169 333; x_wconf 92' lang='lat'>·</span> <span class='ocrx_word' id='word_1_2' title='bbox 232 306 315 390; x_wconf 76' lang='lat'>280·</span> <span class='ocrx_word' id='word_1_3' title='bbox 400 288 1027 403; x_wconf 72' lang='lat' dir='ltr'>nssntnoontrtco</span> 
     </span>
    </p>
   </div>
   <div class='ocr_carea' id='block_1_2' title="bbox 107 400 1308 3888">
    <p class='ocr_par' dir='ltr' id='par_1_2' title="bbox 229 400 1200 685">
     <span class='ocr_line' id='line_1_2' title="bbox 231 400 1200 570; baseline 0.003 -27"><span class='ocrx_word' id='word_1_4' title='bbox 231 460 458 567; x_wconf 79' lang='lat' dir='ltr'>quamquam</span> <span class='ocrx_word' id='word_1_5' title='bbox 472 474 599 546; x_wconf 86' lang='lat' dir='ltr'>crebro</span> <span class='ocrx_word' id='word_1_6' title='bbox 615 400 808 570; x_wconf 46' lang='lat' dir='ltr'>audiegat,</span> <span class='ocrx_word' id='word_1_7' title='bbox 832 436 1035 548; x_wconf 71' lang='lat' dir='ltr'>Labienum</span> <span class='ocrx_word' id='word_1_8' title='bbox 1057 473 1103 546; x_wconf 90' lang='lat' dir='ltr'>ab</span> <span class='ocrx_word' id='word_1_9' title='bbox 1127 471 1200 546; x_wconf 86' lang='lat' dir='ltr'>ini·</span> 
     </span>
     <span class='ocr_line' id='line_1_3' title="bbox 229 578 1196 685; baseline 0.001 -30"><span class='ocrx_word' id='word_1_10' title='bbox 229 581 332 655; x_wconf 88' lang='lat' dir='ltr'>micis</span> <span class='ocrx_word' id='word_1_11' title='bbox 359 583 427 655; x_wconf 89' lang='lat' dir='ltr'>suis</span> <span class='ocrx_word' id='word_1_12' title='bbox 456 585 655 678; x_wconf 65' lang='lat' dir='ltr'>sollicitari,</span> <span class='ocrx_word' id='word_1_13' title='bbox 679 578 886 678; x_wconf 81' lang='lat' dir='ltr'>‘certiorque</span> <span class='ocrx_word' id='word_1_14' title='bbox 907 587 1038 673; x_wconf 84' lang='lat' dir='ltr'>siebat,</span> <span class='ocrx_word' id='word_1_15' title='bbox 1070 584 1109 657; x_wconf 92' lang='lat' dir='ltr'>id</span> <span class='ocrx_word' id='word_1_16' title='bbox 1137 583 1196 685; x_wconf 82' lang='lat' dir='ltr'>agl</span> 
     </span>
    </p>

    <p class='ocr_par' dir='ltr' id='par_1_3' title="bbox 152 693 1214 1011">
     <span class='ocr_line' id='line_1_4' title="bbox 152 693 1214 788; baseline -0.006 -24"><span class='ocrx_word' id='word_1_17' title='bbox 152 693 154 696; x_wconf 74' lang='grc'><strong>’</strong></span> <span class='ocrx_word' id='word_1_18' title='bbox 229 716 431 788; x_wconf 83' lang='lat' dir='ltr'>paucorum</span> <span class='ocrx_word' id='word_1_19' title='bbox 451 694 624 782; x_wconf 72' lang='lat' dir='ltr'>confiliis‘,</span> <span class='ocrx_word' id='word_1_20' title='bbox 654 709 720 782; x_wconf 91' lang='lat' dir='ltr'>ut,</span> <span class='ocrx_word' id='word_1_21' title='bbox 742 695 955 788; x_wconf 46' lang='lat' dir='ltr'>interposita*</span> <span class='ocrx_word' id='word_1_22' title='bbox 969 697 1107 765; x_wconf 88' lang='lat' dir='ltr'>senatus</span> <span class='ocrx_word' id='word_1_23' title='bbox 1129 720 1214 765; x_wconf 69' lang='lat' dir='ltr'>aua.</span> 
     </span>
     <span class='ocr_line' id='line_1_5' title="bbox 228 797 1198 900; baseline 0.004 -25"><span class='ocrx_word' id='word_1_24' title='bbox 228 797 417 891; x_wconf 58' lang='lat' dir='ltr'>(lorium,</span> <span class='ocrx_word' id='word_1_25' title='bbox 446 805 565 896; x_wconf 91' lang='lat' dir='ltr'>aliqua</span> <span class='ocrx_word' id='word_1_26' title='bbox 583 821 682 897; x_wconf 84' lang='lat' dir='ltr'>parte</span> <span class='ocrx_word' id='word_1_27' title='bbox 699 804 877 876; x_wconf 87' lang='lat' dir='ltr'>exercitus</span> <span class='ocrx_word' id='word_1_28' title='bbox 898 806 1125 900; x_wconf 88' lang='lat' dir='ltr'>spoliaretur:</span> <span class='ocrx_word' id='word_1_29' title='bbox 1143 827 1198 879; x_wconf 89' lang='lat' dir='ltr'>ta-</span> 
     </span>
     <span class='ocr_line' id='line_1_6' title="bbox 227 913 1200 1011; baseline 0.004 -29"><span class='ocrx_word' id='word_1_30' title='bbox 227 935 316 983; x_wconf 89' lang='lat' dir='ltr'>men</span> <span class='ocrx_word' id='word_1_31' title='bbox 341 937 463 1007; x_wconf 92' lang='lat' dir='ltr'>neque</span> <span class='ocrx_word' id='word_1_32' title='bbox 484 913 531 984; x_wconf 89' lang='lat' dir='ltr'>de</span> <span class='ocrx_word' id='word_1_33' title='bbox 551 913 707 986; x_wconf 83' lang='lat' dir='ltr'>Labieno</span> <span class='ocrx_word' id='word_1_34' title='bbox 719 913 873 986; x_wconf 88' lang='lat' dir='ltr'>credidit</span> <span class='ocrx_word' id='word_1_35' title='bbox 884 915 1111 1011; x_wconf 86' lang='lat' dir='ltr'>quidquam,</span> <span class='ocrx_word' id='word_1_36' title='bbox 1138 939 1200 986; x_wconf 90' lang='lat' dir='ltr'>ne·</span> 
     </span>
    </p>

    <p class='ocr_par' dir='ltr' id='par_1_4' title="bbox 154 1012 1279 1453">
     <span class='ocr_line' id='line_1_7' title="bbox 154 1012 1279 1120; baseline 0.004 -27"><span class='ocrx_word' id='word_1_37' title='bbox 154 1016 161 1027; x_wconf 77' lang='grc'>’</span> <span class='ocrx_word' id='word_1_38' title='bbox 190 1019 204 1039; x_wconf 71' lang='grc'><strong>“</strong></span> <span class='ocrx_word' id='word_1_39' title='bbox 227 1046 327 1118; x_wconf 87' lang='lat' dir='ltr'>que,</span> <span class='ocrx_word' id='word_1_40' title='bbox 354 1043 480 1096; x_wconf 89' lang='lat' dir='ltr'>contra</span> <span class='ocrx_word' id='word_1_41' title='bbox 498 1023 637 1095; x_wconf 83' lang='lat' dir='ltr'>senatus</span> <span class='ocrx_word' id='word_1_42' title='bbox 658 1019 906 1096; x_wconf 74' lang='lat' dir='ltr'>audloritatem</span> <span class='ocrx_word' id='word_1_43' title='bbox 925 1044 967 1096; x_wconf 90' lang='lat' dir='ltr'>ut</span> <span class='ocrx_word' id='word_1_44' title='bbox 985 1028 1124 1120; x_wconf 90' lang='lat' dir='ltr'>aliquid</span> <span class='ocrx_word' id='word_1_45' title='bbox 1145 1026 1199 1097; x_wconf 85' lang='lat' dir='ltr'>fa·</span> <span class='ocrx_word' id='word_1_46' title='bbox 1274 1012 1279 1019; x_wconf 43' lang='lat'>⁵</span> 
     </span>
     <span class='ocr_line' id='line_1_8' title="bbox 228 1133 1198 1230; baseline 0.003 -26"><span class='ocrx_word' id='word_1_47' title='bbox 228 1151 347 1222; x_wconf 88' lang='lat' dir='ltr'>ceret,</span> <span class='ocrx_word' id='word_1_48' title='bbox 376 1136 498 1230; x_wconf 89' lang='lat' dir='ltr'>potuit</span> <span class='ocrx_word' id='word_1_49' title='bbox 536 1133 688 1206; x_wconf 83' lang='lat' dir='ltr'>adduci:</span> <span class='ocrx_word' id='word_1_50' title='bbox 714 1134 898 1207; x_wconf 86' lang='lat' dir='ltr'>iudicabat</span> <span class='ocrx_word' id='word_1_51' title='bbox 924 1137 1042 1227; x_wconf 88' lang='lat' dir='ltr'>enim,</span> <span class='ocrx_word' id='word_1_52' title='bbox 1077 1137 1198 1208; x_wconf 83' lang='lat' dir='ltr'>liberis</span> 
     </span>
     <span class='ocr_line' id='line_1_9' title="bbox 226 1243 1203 1342; baseline 0.004 -25"><span class='ocrx_word' id='word_1_53' title='bbox 226 1243 419 1323; x_wconf 80' lang='lat' dir='ltr'>sententiis,</span> <span class='ocrx_word' id='word_1_54' title='bbox 434 1264 581 1342; x_wconf 90' lang='lat' dir='ltr'>patrum</span> <span class='ocrx_word' id='word_1_55' title='bbox 611 1247 896 1342; x_wconf 88' lang='lat' dir='ltr'>conscriptorum</span> <span class='ocrx_word' id='word_1_56' title='bbox 921 1249 1061 1320; x_wconf 87' lang='lat' dir='ltr'>causam</span> <span class='ocrx_word' id='word_1_57' title='bbox 1090 1250 1203 1321; x_wconf 86' lang='lat' dir='ltr'>facile-</span> 
     </span>
     <span class='ocr_line' id='line_1_10' title="bbox 228 1357 1194 1453; baseline 0.006 -23"><span class='ocrx_word' id='word_1_58' title='bbox 228 1358 395 1430; x_wconf 84' lang='lat' dir='ltr'>obtineri.</span> <span class='ocrx_word' id='word_1_59' title='bbox 421 1358 513 1428; x_wconf 86' lang='lat' dir='ltr'>Nam</span> <span class='ocrx_word' id='word_1_60' title='bbox 536 1357 577 1428; x_wconf 91' lang='lat' dir='ltr'>C.</span> <span class='ocrx_word' id='word_1_61' title='bbox 602 1357 735 1446; x_wconf 84' lang='lat' dir='ltr'>Curio‘,</span> <span class='ocrx_word' id='word_1_62' title='bbox 765 1358 1087 1453; x_wconf 81' lang='lat' dir='ltr'>tribunusplebis,</span> <span class='ocrx_word' id='word_1_63' title='bbox 1105 1386 1194 1437; x_wconf 81' lang='lat' dir='ltr'>curn</span> 
     </span>
    </p>

    <p class='ocr_par' dir='ltr' id='par_1_5' title="bbox 186 1468 1197 1568">
     <span class='ocr_line' id='line_1_11' title="bbox 186 1468 1197 1568; baseline -0.001 -25"><span class='ocrx_word' id='word_1_64' title='bbox 186 1500 193 1515; x_wconf 64' lang='lat'><em>²</em></span> <span class='ocrx_word' id='word_1_65' title='bbox 228 1469 377 1543; x_wconf 82' lang='lat' dir='ltr'>Caesaris</span> <span class='ocrx_word' id='word_1_66' title='bbox 392 1470 530 1542; x_wconf 89' lang='lat' dir='ltr'>causam</span> <span class='ocrx_word' id='word_1_67' title='bbox 547 1468 836 1568; x_wconf 82' lang='lat' dir='ltr'>dignitatemque</span> <span class='ocrx_word' id='word_1_68' title='bbox 847 1469 1112 1543; x_wconf 81' lang='lat' dir='ltr'>defendendam</span> <span class='ocrx_word' id='word_1_69' title='bbox 1123 1471 1197 1544; x_wconf 84' lang='lat' dir='ltr'>sus·</span> 
     </span>
    </p>

    <p class='ocr_par' dir='ltr' id='par_1_6' title="bbox 153 1579 1195 1898">
     <span class='ocr_line' id='line_1_12' title="bbox 153 1579 1194 1676; baseline 0.004 -24"><span class='ocrx_word' id='word_1_70' title='bbox 153 1610 155 1619; x_wconf 39' lang='lat'><em>⁸</em></span> <span class='ocrx_word' id='word_1_71' title='bbox 226 1579 395 1676; x_wconf 75' lang='lat' dir='ltr'>cepisset,</span> <span class='ocrx_word' id='word_1_72' title='bbox 429 1583 532 1674; x_wconf 80' lang='lat' dir='ltr'>saepe</span> <span class='ocrx_word' id='word_1_73' title='bbox 555 1598 628 1652; x_wconf 86' lang='lat' dir='ltr'>erat</span> <span class='ocrx_word' id='word_1_74' title='bbox 646 1581 782 1652; x_wconf 90' lang='lat' dir='ltr'>senatui</span> <span class='ocrx_word' id='word_1_75' title='bbox 808 1582 1009 1674; x_wconf 83' lang='lat' dir='ltr'>pollicitus,</span> <span class='ocrx_word' id='word_1_76' title='bbox 1035 1583 1194 1675; x_wconf 83' lang='lat' dir='ltr'>siquem</span> 
     </span>
     <span class='ocr_line' id='line_1_13' title="bbox 226 1691 1193 1788; baseline 0.005 -25"><span class='ocrx_word' id='word_1_77' title='bbox 226 1693 340 1764; x_wconf 86' lang='lat' dir='ltr'>timor</span> <span class='ocrx_word' id='word_1_78' title='bbox 361 1716 546 1762; x_wconf 87' lang='lat' dir='ltr'>armorum</span> <span class='ocrx_word' id='word_1_79' title='bbox 570 1691 720 1764; x_wconf 75' lang='lat' dir='ltr'>Caesaris</span> <span class='ocrx_word' id='word_1_80' title='bbox 733 1695 917 1783; x_wconf 87' lang='lat' dir='ltr'>laederet,</span> <span class='ocrx_word' id='word_1_81' title='bbox 943 1695 997 1782; x_wconf 79' lang='lat' dir='ltr'>tc,</span> <span class='ocrx_word' id='word_1_82' title='bbox 1014 1696 1193 1788; x_wconf 88' lang='lat' dir='ltr'>quoniam</span> 
     </span>
     <span class='ocr_line' id='line_1_14' title="bbox 207 1802 1195 1898; baseline 0.001 -22"><span class='ocrx_word' id='word_1_83' title='bbox 207 1803 392 1898; x_wconf 38' lang='lat' dir='ltr'>,Pompeii</span> <span class='ocrx_word' id='word_1_84' title='bbox 417 1802 618 1874; x_wconf 86' lang='lat' dir='ltr'>dominatio</span> <span class='ocrx_word' id='word_1_85' title='bbox 642 1821 755 1898; x_wconf 88' lang='lat' dir='ltr'>atque</span> <span class='ocrx_word' id='word_1_86' title='bbox 779 1829 876 1875; x_wconf 89' lang='lat' dir='ltr'>arma</span> <span class='ocrx_word' id='word_1_87' title='bbox 902 1829 978 1875; x_wconf 93' lang='lat' dir='ltr'>non</span> <span class='ocrx_word' id='word_1_88' title='bbox 997 1805 1195 1877; x_wconf 87' lang='lat' dir='ltr'>minimum</span> 
     </span>
    </p>

    <p class='ocr_par' dir='ltr' id='par_1_7' title="bbox 192 1913 1308 2121">
     <span class='ocr_line' id='line_1_15' title="bbox 192 1913 1195 2009; baseline -0.005 -18"><span class='ocrx_word' id='word_1_89' title='bbox 192 1985 196 1991; x_wconf 86' lang='lat'>.</span> <span class='ocrx_word' id='word_1_90' title='bbox 227 1932 401 1988; x_wconf 89' lang='lat' dir='ltr'>terrorem</span> <span class='ocrx_word' id='word_1_91' title='bbox 428 1914 506 1984; x_wconf 87' lang='lat' dir='ltr'>foro</span> <span class='ocrx_word' id='word_1_92' title='bbox 523 1913 719 2002; x_wconf 84' lang='lat' dir='ltr'>inferrent,</span> <span class='ocrx_word' id='word_1_93' title='bbox 751 1915 950 1987; x_wconf 90' lang='lat' dir='ltr'>discederet</span> <span class='ocrx_word' id='word_1_94' title='bbox 970 1933 1126 2009; x_wconf 87' lang='lat' dir='ltr'>uterque</span> <span class='ocrx_word' id='word_1_95' title='bbox 1144 1915 1195 1986; x_wconf 88' lang='lat' dir='ltr'>ab</span> 
     </span>
     <span class='ocr_line' id='line_1_16' title="bbox 225 2019 1308 2121; baseline -0.002 -24"><span class='ocrx_word' id='word_1_96' title='bbox 225 2025 334 2097; x_wconf 85' lang='lat' dir='ltr'>armis</span> <span class='ocrx_word' id='word_1_97' title='bbox 357 2026 606 2117; x_wconf 88' lang='lat' dir='ltr'>exercitusque</span> <span class='ocrx_word' id='word_1_98' title='bbox 629 2025 845 2110; x_wconf 89' lang='lat' dir='ltr'>dimitteret;</span> <span class='ocrx_word' id='word_1_99' title='bbox 869 2025 946 2096; x_wconf 89' lang='lat' dir='ltr'>sore</span> <span class='ocrx_word' id='word_1_100' title='bbox 970 2051 1014 2097; x_wconf 93' lang='lat' dir='ltr'>eo</span> <span class='ocrx_word' id='word_1_101' title='bbox 1039 2019 1131 2097; x_wconf 74' lang='lat' dir='ltr'>sadlo</span> <span class='ocrx_word' id='word_1_102' title='bbox 1149 2026 1195 2095; x_wconf 88' lang='lat' dir='ltr'>li·</span> <span class='ocrx_word' id='word_1_103' title='bbox 1307 2116 1308 2121; x_wconf 5' lang='grc' dir='ltr'>ἵ</span> 
     </span>
    </p>

    <p class='ocr_par' dir='ltr' id='par_1_8' title="bbox 147 2131 1238 2560">
     <span class='ocr_line' id='line_1_17' title="bbox 147 2131 1192 2228; baseline -0.001 -20"><span class='ocrx_word' id='word_1_104' title='bbox 147 2218 152 2227; x_wconf 50' lang='grc'><em>,</em></span> <span class='ocrx_word' id='word_1_105' title='bbox 228 2134 351 2208; x_wconf 86' lang='lat' dir='ltr'>beram</span> <span class='ocrx_word' id='word_1_106' title='bbox 375 2132 478 2215; x_wconf 76' lang='lat' dir='ltr'>&amp;sui</span> <span class='ocrx_word' id='word_1_107' title='bbox 493 2135 576 2204; x_wconf 87' lang='lat' dir='ltr'>iuris</span> <span class='ocrx_word' id='word_1_108' title='bbox 597 2131 787 2206; x_wconf 53' lang='lat' dir='ltr'>civitatem,</span> <span class='ocrx_word' id='word_1_109' title='bbox 813 2137 948 2228; x_wconf 86' lang='lat' dir='ltr'>Neque</span> <span class='ocrx_word' id='word_1_110' title='bbox 963 2136 1033 2208; x_wconf 89' lang='lat' dir='ltr'>hoc</span> <span class='ocrx_word' id='word_1_111' title='bbox 1048 2153 1192 2207; x_wconf 88' lang='lat' dir='ltr'>tantum</span> 
     </span>
     <span class='ocr_line' id='line_1_18' title="bbox 228 2230 1238 2340; baseline 0.001 -26"><span class='ocrx_word' id='word_1_112' title='bbox 228 2244 410 2340; x_wconf 89' lang='lat' dir='ltr'>pollicitus</span> <span class='ocrx_word' id='word_1_113' title='bbox 430 2244 502 2329; x_wconf 83' lang='lat' dir='ltr'>esl3</span> <span class='ocrx_word' id='word_1_114' title='bbox 526 2242 586 2313; x_wconf 86' lang='lat' dir='ltr'>sed</span> <span class='ocrx_word' id='word_1_115' title='bbox 610 2236 716 2313; x_wconf 90' lang='lat' dir='ltr'>etiam</span> <span class='ocrx_word' id='word_1_116' title='bbox 738 2245 857 2338; x_wconf 89' lang='lat' dir='ltr'>perse</span> <span class='ocrx_word' id='word_1_117' title='bbox 882 2245 1127 2316; x_wconf 72' lang='lat' dir='ltr'>discessionem</span> <span class='ocrx_word' id='word_1_118' title='bbox 1142 2245 1196 2315; x_wconf 87' lang='lat' dir='ltr'>fa-</span> <span class='ocrx_word' id='word_1_119' title='bbox 1235 2230 1238 2250; x_wconf 42' lang='lat'>‘</span> 
     </span>
     <span class='ocr_line' id='line_1_19' title="bbox 228 2349 1196 2447; baseline 0.002 -24"><span class='ocrx_word' id='word_1_120' title='bbox 228 2368 308 2424; x_wconf 81' lang='lat' dir='ltr'>cere</span> <span class='ocrx_word' id='word_1_121' title='bbox 320 2351 462 2445; x_wconf 77' lang='lat' dir='ltr'>coepitz</span> <span class='ocrx_word' id='word_1_122' title='bbox 497 2349 621 2444; x_wconf 89' lang='lat' dir='ltr'>(quod</span> <span class='ocrx_word' id='word_1_123' title='bbox 641 2376 687 2423; x_wconf 92' lang='lat' dir='ltr'>ne</span> <span class='ocrx_word' id='word_1_124' title='bbox 701 2351 818 2437; x_wconf 87' lang='lat' dir='ltr'>fieret,</span> <span class='ocrx_word' id='word_1_125' title='bbox 839 2353 999 2430; x_wconf 83' lang='lat' dir='ltr'>consules</span> <span class='ocrx_word' id='word_1_126' title='bbox 1013 2354 1196 2447; x_wconf 84' lang='lat' dir='ltr'>amicique</span> 
     </span>
     <span class='ocr_line' id='line_1_20' title="bbox 228 2462 1197 2560; baseline -0.001 -23"><span class='ocrx_word' id='word_1_127' title='bbox 228 2464 394 2560; x_wconf 84' lang='lat' dir='ltr'>Pompeii</span> <span class='ocrx_word' id='word_1_128' title='bbox 417 2462 631 2559; x_wconf 81' lang='lat' dir='ltr'>iusserunt3)</span> <span class='ocrx_word' id='word_1_129' title='bbox 657 2482 767 2557; x_wconf 91' lang='lat' dir='ltr'>atque</span> <span class='ocrx_word' id='word_1_130' title='bbox 794 2466 841 2533; x_wconf 89' lang='lat' dir='ltr'>ita</span> <span class='ocrx_word' id='word_1_131' title='bbox 868 2490 944 2534; x_wconf 90' lang='lat' dir='ltr'>rem</span> <span class='ocrx_word' id='word_1_132' title='bbox 965 2466 1197 2538; x_wconf 90' lang='lat' dir='ltr'>moderando</span> 
     </span>
    </p>

    <p class='ocr_par' dir='ltr' id='par_1_9' title="bbox 165 2572 1253 2779">
     <span class='ocr_line' id='line_1_21' title="bbox 165 2572 1253 2677; baseline 0.001 -31"><span class='ocrx_word' id='word_1_133' title='bbox 165 2594 208 2675; x_wconf 79' lang='lat'>53</span> <span class='ocrx_word' id='word_1_134' title='bbox 230 2573 468 2677; x_wconf 81' lang='lat' dir='ltr'>discesserunt.</span> <span class='ocrx_word' id='word_1_135' title='bbox 496 2575 671 2670; x_wconf 85' lang='lat' dir='ltr'>Magnum</span> <span class='ocrx_word' id='word_1_136' title='bbox 695 2574 763 2643; x_wconf 89' lang='lat' dir='ltr'>hoc</span> <span class='ocrx_word' id='word_1_137' title='bbox 784 2573 1029 2646; x_wconf 88' lang='lat' dir='ltr'>testimonium</span> <span class='ocrx_word' id='word_1_138' title='bbox 1052 2576 1194 2647; x_wconf 86' lang='lat' dir='ltr'>senatus</span> <span class='ocrx_word' id='word_1_139' title='bbox 1246 2572 1253 2584; x_wconf 55' lang='grc'><strong>“</strong></span> 
     </span>
     <span class='ocr_line' id='line_1_22' title="bbox 228 2684 1191 2779; baseline -0.002 -19"><span class='ocrx_word' id='word_1_140' title='bbox 228 2704 303 2760; x_wconf 85' lang='lat' dir='ltr'>erat</span> <span class='ocrx_word' id='word_1_141' title='bbox 340 2685 513 2774; x_wconf 88' lang='lat' dir='ltr'>universi,</span> <span class='ocrx_word' id='word_1_142' title='bbox 556 2686 847 2777; x_wconf 88' lang='lat' dir='ltr'>conveniensque</span> <span class='ocrx_word' id='word_1_143' title='bbox 882 2684 1053 2779; x_wconf 83' lang='lat' dir='ltr'>superiori</span> <span class='ocrx_word' id='word_1_144' title='bbox 1086 2685 1191 2758; x_wconf 73' lang='lat' dir='ltr'>fadlo.</span> 
     </span>
    </p>

    <p class='ocr_par' dir='ltr' id='par_1_10' title="bbox 181 2795 1195 2893">
     <span class='ocr_line' id='line_1_23' title="bbox 181 2795 1195 2893; baseline -0.004 -21"><span class='ocrx_word' id='word_1_145' title='bbox 181 2795 325 2872; x_wconf 80' lang='lat' dir='ltr'>‘&#39;Nam</span> <span class='ocrx_word' id='word_1_146' title='bbox 348 2796 537 2869; x_wconf 89' lang='lat' dir='ltr'>Marcellus</span> <span class='ocrx_word' id='word_1_147' title='bbox 561 2797 729 2891; x_wconf 86' lang='lat' dir='ltr'>proximo</span> <span class='ocrx_word' id='word_1_148' title='bbox 749 2819 865 2883; x_wconf 92' lang='lat' dir='ltr'>anno,</span> <span class='ocrx_word' id='word_1_149' title='bbox 893 2819 977 2866; x_wconf 89' lang='lat' dir='ltr'>curn</span> <span class='ocrx_word' id='word_1_150' title='bbox 998 2795 1195 2893; x_wconf 58' lang='lat' dir='ltr'>impugnas</span> 
     </span>
    </p>

    <p class='ocr_par' dir='ltr' id='par_1_11' title="bbox 228 2904 1192 3004">
     <span class='ocr_line' id='line_1_24' title="bbox 228 2904 1192 3004; baseline -0.005 -23"><span class='ocrx_word' id='word_1_151' title='bbox 228 2925 283 2981; x_wconf 79' lang='lat' dir='ltr'>ret</span> <span class='ocrx_word' id='word_1_152' title='bbox 304 2906 452 2978; x_wconf 87' lang='lat' dir='ltr'>Caesaris</span> <span class='ocrx_word' id='word_1_153' title='bbox 476 2904 714 3004; x_wconf 86' lang='lat' dir='ltr'>dignitatem,</span> <span class='ocrx_word' id='word_1_154' title='bbox 745 2923 867 2976; x_wconf 90' lang='lat' dir='ltr'>contra</span> <span class='ocrx_word' id='word_1_155' title='bbox 890 2906 1004 3002; x_wconf 81' lang='lat' dir='ltr'>legem</span> <span class='ocrx_word' id='word_1_156' title='bbox 1027 2904 1192 2999; x_wconf 74' lang='lat' dir='ltr'>Fompeii</span> 
     </span>
    </p>

    <p class='ocr_par' dir='ltr' id='par_1_12' title="bbox 228 3012 1192 3106">
     <span class='ocr_line' id='line_1_25' title="bbox 228 3012 1192 3106; baseline -0.005 -16"><span class='ocrx_word' id='word_1_157' title='bbox 228 3015 387 3090; x_wconf 76' lang='lat' dir='ltr'>&amp;Craffi</span> <span class='ocrx_word' id='word_1_158' title='bbox 414 3017 582 3087; x_wconf 86' lang='lat' dir='ltr'>retulerat</span> <span class='ocrx_word' id='word_1_159' title='bbox 605 3032 688 3086; x_wconf 89' lang='lat' dir='ltr'>ante</span> <span class='ocrx_word' id='word_1_160' title='bbox 720 3030 863 3106; x_wconf 86' lang='lat' dir='ltr'>ternpus</span> <span class='ocrx_word' id='word_1_161' title='bbox 886 3014 931 3082; x_wconf 90' lang='lat' dir='ltr'>ad</span> <span class='ocrx_word' id='word_1_162' title='bbox 956 3012 1116 3083; x_wconf 88' lang='lat' dir='ltr'>senatum</span> <span class='ocrx_word' id='word_1_163' title='bbox 1144 3015 1192 3085; x_wconf 90' lang='lat' dir='ltr'>de</span> 
     </span>
    </p>

    <p class='ocr_par' dir='ltr' id='par_1_13' title="bbox 230 3117 1197 3221">
     <span class='ocr_line' id='line_1_26' title="bbox 230 3117 1197 3221; baseline -0.006 -21"><span class='ocrx_word' id='word_1_164' title='bbox 230 3127 380 3200; x_wconf 88' lang='lat' dir='ltr'>Caesaris</span> <span class='ocrx_word' id='word_1_165' title='bbox 405 3125 621 3221; x_wconf 89' lang='lat' dir='ltr'>provinciis;</span> <span class='ocrx_word' id='word_1_166' title='bbox 644 3123 899 3217; x_wconf 87' lang='lat' dir='ltr'>sententiisque</span> <span class='ocrx_word' id='word_1_167' title='bbox 920 3117 1042 3209; x_wconf 79' lang='lat' dir='ltr'>didlis,</span> <span class='ocrx_word' id='word_1_168' title='bbox 1069 3125 1197 3195; x_wconf 86' lang='lat' dir='ltr'>disces-</span> 
     </span>
    </p>

    <p class='ocr_par' dir='ltr' id='par_1_14' title="bbox 229 3218 1198 3560">
     <span class='ocr_line' id='line_1_27' title="bbox 229 3218 1197 3329; baseline -0.004 -18"><span class='ocrx_word' id='word_1_169' title='bbox 229 3235 368 3311; x_wconf 84' lang='lat' dir='ltr'>slonem</span> <span class='ocrx_word' id='word_1_170' title='bbox 395 3228 545 3309; x_wconf 86' lang='lat' dir='ltr'>faciente</span> <span class='ocrx_word' id='word_1_171' title='bbox 570 3237 765 3323; x_wconf 88' lang='lat' dir='ltr'>Marcello,</span> <span class='ocrx_word' id='word_1_172' title='bbox 792 3236 855 3329; x_wconf 91' lang='lat' dir='ltr'>qui</span> <span class='ocrx_word' id='word_1_173' title='bbox 884 3218 949 3306; x_wconf 74' lang='lat' dir='ltr'>srlsi</span> <span class='ocrx_word' id='word_1_174' title='bbox 968 3260 1115 3307; x_wconf 89' lang='lat' dir='ltr'>omnem</span> <span class='ocrx_word' id='word_1_175' title='bbox 1137 3237 1197 3307; x_wconf 68' lang='lat' dir='ltr'>di⁴</span> 
     </span>
     <span class='ocr_line' id='line_1_28' title="bbox 230 3343 1198 3447; baseline 0.003 -32"><span class='ocrx_word' id='word_1_176' title='bbox 230 3347 405 3447; x_wconf 83' lang='lat' dir='ltr'>gnitatem</span> <span class='ocrx_word' id='word_1_177' title='bbox 425 3372 471 3417; x_wconf 88' lang='lat' dir='ltr'>ex</span> <span class='ocrx_word' id='word_1_178' title='bbox 492 3344 641 3417; x_wconf 87' lang='lat' dir='ltr'>Caesaris</span> <span class='ocrx_word' id='word_1_179' title='bbox 660 3345 792 3416; x_wconf 87' lang='lat' dir='ltr'>invidia</span> <span class='ocrx_word' id='word_1_180' title='bbox 815 3343 1025 3438; x_wconf 88' lang='lat' dir='ltr'>quaerebat,</span> <span class='ocrx_word' id='word_1_181' title='bbox 1055 3344 1198 3433; x_wconf 80' lang='lat' dir='ltr'>senatus</span> 
     </span>
     <span class='ocr_line' id='line_1_29' title="bbox 232 3450 1198 3560; baseline -0.001 -31"><span class='ocrx_word' id='word_1_182' title='bbox 232 3450 406 3549; x_wconf 84' lang='lat' dir='ltr'>frequens</span> <span class='ocrx_word' id='word_1_183' title='bbox 422 3454 459 3526; x_wconf 82' lang='lat' dir='ltr'>in&#39;</span> <span class='ocrx_word' id='word_1_184' title='bbox 480 3457 545 3526; x_wconf 88' lang='lat' dir='ltr'>alia</span> <span class='ocrx_word' id='word_1_185' title='bbox 560 3455 682 3526; x_wconf 90' lang='lat' dir='ltr'>omnia</span> <span class='ocrx_word' id='word_1_186' title='bbox 696 3454 841 3527; x_wconf 85' lang='lat' dir='ltr'>transiit.</span> <span class='ocrx_word' id='word_1_187' title='bbox 858 3454 1000 3560; x_wconf 83' lang='lat' dir='ltr'>Quibus</span> <span class='ocrx_word' id='word_1_188' title='bbox 1012 3479 1089 3526; x_wconf 92' lang='lat' dir='ltr'>non</span> <span class='ocrx_word' id='word_1_189' title='bbox 1103 3454 1198 3528; x_wconf 87' lang='lat' dir='ltr'>sran·</span> 
     </span>
    </p>

    <p class='ocr_par' dir='ltr' id='par_1_15' title="bbox 107 3565 1199 3665">
     <span class='ocr_line' id='line_1_30' title="bbox 107 3565 1199 3665; baseline 0.001 -28"><span class='ocrx_word' id='word_1_190' title='bbox 107 3661 109 3664; x_wconf 11' lang='grc'>,</span> <span class='ocrx_word' id='word_1_191' title='bbox 232 3565 412 3665; x_wconf 82' lang='lat' dir='ltr'>gebantur</span> <span class='ocrx_word' id='word_1_192' title='bbox 432 3565 544 3636; x_wconf 87' lang='lat' dir='ltr'>animi</span> <span class='ocrx_word' id='word_1_193' title='bbox 558 3565 788 3637; x_wconf 88' lang='lat' dir='ltr'>inimicorum</span> <span class='ocrx_word' id='word_1_194' title='bbox 811 3565 977 3652; x_wconf 87' lang='lat' dir='ltr'>Caesaris,</span> <span class='ocrx_word' id='word_1_195' title='bbox 998 3565 1057 3636; x_wconf 79' lang='lat' dir='ltr'>led</span> <span class='ocrx_word' id='word_1_196' title='bbox 1070 3565 1199 3639; x_wconf 88' lang='lat' dir='ltr'>admo·</span> 
     </span>
    </p>

    <p class='ocr_par' dir='ltr' id='par_1_16' title="bbox 44 3676 1202 3888">
     <span class='ocr_line' id='line_1_31' title="bbox 115 3676 1199 3780; baseline -0.003 -30.184"><span class='ocrx_word' id='word_1_197' title='bbox 115 3749 139 3780; x_wconf 21' lang='lat' dir='ltr'>y,</span> <span class='ocrx_word' id='word_1_198' title='bbox 232 3677 437 3764; x_wconf 86' lang='lat' dir='ltr'>nebantur,</span> <span class='ocrx_word' id='word_1_199' title='bbox 460 3703 536 3772; x_wconf 93' lang='lat' dir='ltr'>quo</span> <span class='ocrx_word' id='word_1_200' title='bbox 556 3679 705 3747; x_wconf 88' lang='lat' dir='ltr'>maiores</span> <span class='ocrx_word' id='word_1_201' title='bbox 728 3699 891 3769; x_wconf 85' lang='lat' dir='ltr'>pararent</span> <span class='ocrx_word' id='word_1_202' title='bbox 905 3676 1199 3766; x_wconf 83' lang='lat' dir='ltr'>necessitudines,</span> 
     </span>
     <span class='ocr_line' id='line_1_32' title="bbox 124 3776 1202 3888; baseline 0.001 -28"><span class='ocrx_word' id='word_1_203' title='bbox 124 3776 130 3783; x_wconf 45' lang='lat'>⁵</span> <span class='ocrx_word' id='word_1_204' title='bbox 235 3789 368 3882; x_wconf 86' lang='lat' dir='ltr'>quibus</span> <span class='ocrx_word' id='word_1_205' title='bbox 400 3791 480 3888; x_wconf 79' lang='lat' dir='ltr'>cogi</span> <span class='ocrx_word' id='word_1_206' title='bbox 509 3786 622 3885; x_wconf 83' lang='lat' dir='ltr'>posset</span> <span class='ocrx_word' id='word_1_207' title='bbox 654 3787 793 3861; x_wconf 86' lang='lat' dir='ltr'>senatus</span> <span class='ocrx_word' id='word_1_208' title='bbox 823 3788 862 3859; x_wconf 89' lang='lat' dir='ltr'>id</span> <span class='ocrx_word' id='word_1_209' title='bbox 889 3788 1063 3886; x_wconf 84' lang='lat' dir='ltr'>probare,</span> <span class='ocrx_word' id='word_1_210' title='bbox 1096 3787 1202 3885; x_wconf 88' lang='lat' dir='ltr'>quod</span> 
     </span>
    </p>
   </div>
   <div class='ocr_carea' id='block_1_3' title="bbox 0 0 1320 4426">
    <p class='ocr_par' dir='ltr' id='par_1_17' title="bbox 0 0 1320 4426">
     <span class='ocr_line' id='line_1_33' title="bbox 0 0 1320 4426; baseline 0 0"><span class='ocrx_word' id='word_1_211' title='bbox 0 0 1320 4426; x_wconf 95' lang='lat' dir='ltr'> </span> 
     </span>
    </p>
   </div>
  </div>
 </body>
</html>
