2632 4426
608 186 621 213 ,
985 146 1043 195 ο·
1091 166 1115 195 J

221 281 295 380 ηε
406 278 480 354 or
522 278 712 357 uarro
750 276 1009 356 onarrco
1095 386 1098 391 .

221 441 343 517 scendi
358 442 455 514 enim
470 444 665 515 maximam
679 442 887 516 facultatem
899 422 1189 539 habebat,'quali
1207 463 1216 469 ’

222 555 379 651 quisque
412 556 533 627 animo
564 557 601 627 in
625 557 889 650 rempublicam
926 555 1044 628 fuisset
1075 557 1190 628 totius

222 665 357 737 Galliae
382 660 604 752 defessione,
636 690 748 758 quarn
774 666 986 738 sustinuerat
1013 666 1189 737 fidelitate

220 793 332 869 atque
349 778 487 850 auxiliis
508 777 758 872 Provinciae,)
784 779 837 848 his
861 770 1187 865 rebusconsesiis,
1241 830 1251 846 .

220 886 267 958 ad
304 888 460 984 legiones
494 889 533 959 in
566 887 728 985 Belgium
759 889 793 959 se
828 889 975 982 recipit,
1004 889 1189 994 hibernat-

49 998 52 1003 ’
153 1021 205 1101 47
222 1020 295 1088 que
316 995 619 1068 Nemetocennae.
645 998 701 1068 sbi
727 997 936 1094 cognoscit,
971 997 1187 1070 Commium
1294 1012 1302 1026 '

218 1105 412 1179 Arebatem
430 1109 570 1201 proelio
597 1135 681 1183 cum
704 1111 869 1203 equitatu
891 1110 955 1181 suo
978 1108 1185 1181 contendis-

218 1219 264 1293 se.
289 1219 383 1290 Nam
408 1243 494 1288 curn
516 1217 695 1290 Antonius
712 1218 750 1287 in
771 1218 918 1288 hiberna
944 1217 1110 1307 venisset,
1135 1219 1188 1292 ci·

217 1329 380 1424 vitasque
400 1329 614 1400 Atrebatum
645 1330 682 1398 in
710 1328 827 1399 officio
856 1349 1040 1412 maneret3
1074 1329 1188 1400 Corn·

218 1444 336 1530 mius,
360 1444 422 1535 qui
445 1442 635 1535 postillam
655 1440 966 1525 vulnerationem,
995 1466 1105 1532 quam
1127 1431 1188 1512 su·

218 1578 282 1650 pra
310 1555 632 1639 commemoravi,
636 1550 807 1645 semper
839 1550 885 1621 ad
913 1575 1037 1621 omnes
1063 1569 1187 1623 motus
1233 1599 1235 1602 >

119 1724 121 1728 .
218 1680 360 1762 paratus
379 1665 445 1734 suis
468 1663 616 1734 civibus
632 1661 698 1734 esse
721 1659 937 1750 consuesset,
970 1685 1019 1732 ne
1021 1661 1187 1735 consilia

161 1821 173 1861 ‚·
218 1775 306 1848 belli
331 1774 586 1894 quaerentibus
610 1768 734 1845 ausior
748 1797 930 1844 armorum
951 1772 1104 1864 duxque
1120 1772 1186 1843 de
1200 1762 1205 1770 ¹

162 1862 183 1883 l
220 1883 329 1970 esset,
354 1904 503 1979 parente
516 1885 688 1957 Romanis
700 1900 866 1968 crvrtate,
894 1900 978 1954 cum
998 1882 1065 1952 suis
1082 1881 1187 1974 equi·

219 1995 317 2067 tibus
341 1997 375 2065 se
402 1996 555 2086 suosque
587 1994 777 2075 latrociniis
801 1995 942 2081 alebat,
979 1992 1187 2090 infestisque

217 2100 406 2175 itineribus
431 2123 653 2174 commeatus
673 2104 897 2195 complures,
931 2101 995 2194 qui
1016 2126 1186 2195 compor-

152 2204 156 2209 ’
219 2214 413 2285 tabantur
405 2237 442 2283 rn
458 2213 606 2284 hiberna
628 2213 901 2300 Romanorum,
925 2213 1185 2307 intercipiebat.

154 2323 204 2424 ’48
221 2325 304 2397 Erat
327 2325 521 2397 attributus
542 2323 704 2396 Antonio
726 2319 923 2419 praefessus
940 2325 1185 2419 equitum,C.

223 2435 426 2510 Volusenus
459 2436 689 2539 Quadratus,
727 2435 901 2528 quicum
931 2460 976 2506 eo
1001 2434 1187 2510 hiemaret.

219 2545 333 2621 Hunc
366 2541 547 2616 Antonius
578 2545 623 2614 ad
652 2537 945 2638 persequendum
978 2546 1183 2638 equitatum

159 2719 161 2722 ,
220 2658 376 2749 bostium
392 2657 514 2726 mittit.
549 2655 751 2726 Volusenus
775 2673 896 2726 autem
915 2655 1050 2728 adeam
1074 2659 1187 2731 virtu·

106 2828 111 2851 .
221 2784 321 2854 tem,
337 2791 429 2858 quae
448 2766 627 2863 singularis
641 2767 679 2836 in
692 2761 735 2836 eo
753 2781 841 2852 erat,
864 2788 1036 2862 magnum
1052 2764 1183 2841 odium

220 2879 384 2953 Commii
409 2878 646 2976 adiungebat3
669 2879 750 2969 quo
776 2875 947 2946 libentius
969 2876 1008 2946 id
1032 2876 1182 2964 faceret,

221 2990 327 3088 quod
342 2989 588 3082 imperabatur.
615 2987 741 3078 Itaque
759 2986 933 3079 dispositis
945 2985 1094 3070 insrdiis,
1110 2986 1182 3058 sae·

212 3100 303 3196 ,pius
324 3099 398 3167 eius
419 3096 556 3188 equites
582 3091 775 3192 aggressus,
804 3093 958 3165 secunda
974 3094 1108 3186 proelia
1130 3093 1184 3166 fa·

222 3209 349 3283 ciebat.
377 3204 573 3276 Novissime
586 3236 609 3289 ,·
621 3229 702 3274 cum
716 3202 965 3273 vehementius
985 3202 1183 3275 contende·

222 3334 341 3401 retur,
377 3339 416 3385 ac
441 3312 640 3384 Volusenus
668 3311 774 3404 ipsrus
798 3309 1046 3403 intercipiendi
1074 3310 1184 3383 Com·

223 3426 290 3503 mii
320 3423 518 3518 cupiditate
543 3421 755 3515 pertinacius
776 3444 964 3492 eumcum
987 3419 1109 3512 paucis
1130 3398 1267 3595 isp'

222 3539 364 3615 secutus
380 3536 485 3624 esset,
519 3536 579 3605 ille
598 3553 720 3606 autem
746 3535 828 3630 suga
844 3531 1049 3609 vehementi
1065 3529 1165 3604 Volu
1224 3565 1225 3569 ¹
1260 3516 1273 3535 .

203 3647 350 3725 senum
387 3650 527 3748 longius
555 3646 796 3745 produxissem
832 3661 980 3741 repente
1015 3645 1184 3718 omnium

221 3759 370 3837 suorum
390 3760 534 3861 invocat
562 3759 809 3856 tidem-atque
830 3758 1030 3853 auxilium,
1059 3779 1106 3830 ne
1121 3754 1185 3828 sua
1262 3798 1265 3803 >
