2632 4426
215 364 266 440 30
384 314 455 414 uu
489 340 683 415 rutro
716 339 985 417 caturco

215 527 310 597 que,
328 527 366 574 re
378 503 607 574 frumentaria
618 522 726 596 quam
740 505 920 576 celerrime
933 505 1055 598 potuit
1067 529 1166 576 com·

214 630 353 707 parata,
379 614 525 710 >magnis
555 613 739 683 itineribus
769 615 815 684 ad
842 613 1055 686 Ariovistum
1079 631 1210 686 con-

155 731 199 829 38
216 723 342 795 tendit.
354 721 451 804 Cum,
463 721 572 791 tridui
592 723 686 792 viam
709 725 933 816 processisset,
956 729 1173 800 nuntiatum.
1201 783 1206 791 .

216 833 265 904 est
282 833 335 921 ei,
363 832 575 902 Ariovistum
593 855 678 900 cum
703 832 769 902 suis
789 831 956 904 omnibus
978 834 1089 926 copiis
1118 832 1164 920 ad

119 1005 121 1010 .
217 943 470 1036 occupandum
494 939 777 1028 Vesontionem,
808 945 909 1035 quod
925 944 974 1014 est
987 942 1166 1038 oppidum
1196 989 1200 998 -

119 1122 124 1134 ,
216 1050 418 1124 maximum
440 1049 710 1142 Sequanorum,
727 1055 964 1139 contendere,
981 1053 1166 1145 triduique
1198 1109 1202 1121 ,

216 1158 313 1247 viam
336 1182 355 1225 a
372 1155 599 1228 suis-sinibus
614 1157 877 1249 proceffiffe..1d
902 1183 947 1230 ne
967 1161 1165 1250 accideret,
1200 1210 1204 1224 .

215 1292 347 1366 magno
361 1289 466 1358 opere
486 1267 550 1338 fibi
566 1267 853 1360 praecavendum
863 1268 983 1351 Caesar
1000 1253 1183 1345 existima(
1199 1350 1202 1355 ,

216 1380 287 1451 bat.
316 1375 486 1470 Namque
509 1376 674 1447 omnium
696 1396 843 1465 rerum,
857 1403 949 1471 quae
965 1379 1011 1448 ad
1028 1380 1167 1448 bellum
1201 1437 1203 1442 ,

216 1481 296 1559 usui
318 1503 439 1572 erant,
464 1485 601 1555 summa
624 1501 697 1556 erat
718 1487 756 1554 in
782 1513 825 1558 eo
844 1489 982 1581 oppido
1005 1489 1166 1559 facultast
1197 1543 1201 1552 .

215 1597 329 1690 idque
360 1611 484 1665 natura
506 1595 577 1664 loci
595 1594 639 1663 fic
663 1597 912 1684 muniebatur,
939 1615 980 1668 ut
1001 1623 1167 1696 magnam

215 1707 262 1780 ad
291 1705 499 1778 ducendum
530 1705 670 1776 bellum
703 1706 800 1778 daret
827 1707 1054 1786 facultatem
1082 1734 1168 1802 pro·

216 1835 338 1912 pterea
360 1815 460 1909 quod
483 1812 621 1884 fiumen
638 1813 777 1902 Dubis,
803 1833 845 1886 ut
869 1817 999 1887 circino
1019 1819 1168 1888 circum·
1196 1833 1200 1885 g
1230 1853 1232 1858 ·

219 1920 392 2010 duslum,
421 1947 534 2015 paene
563 1938 682 1993 totum
712 1925 889 2016 oppidum
919 1924 1047 2022 cingit5
1087 1925 1169 2000 reli÷

219 2059 337 2128 quum
360 2033 533 2127 spatium,
564 2033 666 2123 quod
690 2032 738 2102 est
762 2058 837 2102 non
859 2035 1011 2127 amplius
1027 2035 1168 2127 pedum
1199 2050 1225 2100 .’

218 2164 286 2232 De,
301 2170 382 2238 ,qua
399 2143 536 2213 flumen
551 2143 774 2230 intermittit,
801 2168 904 2213 mons
925 2144 1087 2214 continet
1101 2169 1170 2213 ma·
1195 2194 1200 2223 ς

133 2272 140 2281 ’
221 2280 290 2354 gna
314 2253 523 2340 altitudine,
548 2254 609 2323 ¹ita
638 2271 679 2322 ut
707 2255 838 2324 radices
865 2255 939 2323 eius
955 2254 1098 2328 ,montis
1123 2278 1170 2324 ex

221 2381 372 2455 utraque
397 2378 496 2455 parte
517 2362 611 2452 ripae
635 2358 792 2430 fluminis
806 2356 1034 2458 contingant.
1059 2361 1171 2431 Hunc
1195 2436 1199 2446 ,

219 2498 342 2544 murus
363 2471 602 2542 circumdatus
621 2495 735 2541 arcem
760 2473 879 2560 efficit,
904 2471 936 2543 8<
960 2496 1045 2543 cum
1065 2473 1171 2566 oppi·
1200 2562 1203 2566 Δ

221 2581 273 2652 do
289 2579 485 2675 coniungit.
500 2570 587 2650 Huc
600 2581 720 2649 Caesar
732 2579 864 2676 magnis
878 2579 1170 2658 nosiurnisdiur·

221 2693 349 2784 nisque
372 2690 557 2761 itineribus
578 2688 780 2773 contendit,
805 2706 1051 2782 occupatoque
1065 2691 1172 2781 oppi-
1194 2750 1198 2755 .

156 2820 204 2895 39
223 2800 294 2888 do,
320 2799 371 2870 ibi
394 2798 605 2892 praefidium
628 2800 788 2869 collocat.
819 2797 918 2868 Dum
944 2796 1171 2891 paucosdies

53 2994 59 3003 ,
164 2978 166 2983 ,
221 2907 267 2977 ad
295 2906 550 2980 Vesontionem
582 2907 632 2977 rei
660 2906 909 2977 frumentariae
938 2922 1173 2984 commeatus·

221 3045 295 3112 que
319 3017 418 3090 causa
453 3033 634 3103 moratur,
674 3017 1008 3108 expercontatione
1034 3016 1172 3101 nostro-

131 3125 132 3129 ’
221 3153 325 3213 rum,
344 3124 566 3215 vocibusque
582 3123 768 3200 Gallorum
781 3149 820 3194 ac
833 3142 1088 3211 mercatorum,
1106 3123 1171 3216 qui
1188 3182 1190 3187 .
1207 3180 1224 3196 ,.

221 3231 359 3329 ingenti
386 3232 851 3328 magnitudinecorporum
878 3232 1094 3316 Germanos,
1115 3232 1173 3299 in·
1226 3272 1227 3277 κ

224 3342 382 3420 credibili
400 3343 530 3414 virtute
553 3358 661 3432 atque
680 3343 930 3412 exercitatione
951 3341 989 3409 in
1008 3340 1110 3412 armis
1125 3339 1191 3408 es»

223 3449 546 3545 se-praedicabant,
565 3450 815 3540 saepenumero
827 3449 900 3518 sese
925 3473 1008 3518 cum
1029 3450 1068 3517 iis
1086 3471 1175 3517 con·
1210 3506 1212 3515 ,

222 3557 347 3657 gressos
367 3582 414 3628 ne
438 3560 580 3629 vultum
604 3557 752 3648 quidem
778 3576 888 3648 atque
914 3557 1025 3626 aciem
1048 3558 1174 3626 oculo-

224 3695 305 3739 rum
326 3669 415 3739 serre
434 3666 605 3760 potuisse,
620 3684 743 3738 tantus·
753 3668 869 3737 subito
895 3666 1003 3735 timor
1022 3687 1173 3762 omnem

214 3779 420 3850 <exercitum
441 3775 648 3870 occupavit,
680 3793 820 3847 utnon
844 3773 1069 3845 mediocriter
1094 3788 1175 3875 om·
