2632 4426
460 338 696 418 LIBER
742 341 819 420 VI.
1049 368 1119 456 ιη

155 507 304 609 pedita,
326 505 425 603 spem
448 507 609 602 praesidii
633 525 696 579 aut
720 506 837 591 salutis
857 505 1012 600 aliquam
1032 507 1123 582 offe-
1243 556 1246 574 .

100 680 104 688 .
159 621 279 714 rebat,
298 618 512 690 consederat
540 619 639 690 Haec
660 620 736 689 loca
757 617 996 702 vicinitatibus
1020 635 1121 690 erant

160 728 264 818 notai,
290 753 530 829 magnamque
558 754 610 800 tes
638 727 857 826 diligentiam
886 726 1120 820 requirebat,v

159 859 238 912 nou
256 842 294 912 in
313 838 451 910 summa
470 840 642 911 exercitus
660 840 812 923 tuenda,
834 839 1001 930 (nullum
1020 839 1120 913 enim

160 965 300 1045 poterat
320 948 507 1035 universis,
523 949 568 1019 ab
580 949 771 1042 perterritis
784 973 824 1021 ac
837 948 1009 1042 dispersis,
1024 951 1120 1043 peri·

159 1062 285 1131 culum
310 1058 508 1153 accidere‚)
526 1057 588 1128 sed
612 1060 650 1130 in
673 1060 814 1156 singulis
837 1059 1010 1129 militibus
1029 1082 1120 1129 con*

160 1166 357 1246 servandis3
378 1191 472 1259 quae
485 1183 615 1237 *tamen
639 1190 685 1237 ex
704 1183 805 1260 parte
827 1191 880 1237 res
905 1154 1117 1239 adsalutem

160 1278 332 1354 exercitus
356 1275 567 1371 pertinebat.
592 1275 689 1346 Nam
716 1275 749 1347 8c
772 1275 922 1370 praedae
943 1276 1119 1368 cupiditas
1224 1298 1228 1308 ·

160 1390 296 1458 multos
323 1387 681 1484 longiuseevocabam
704 1386 738 1458 8c
761 1387 865 1458 silvae
882 1388 1031 1477 incertis
1055 1412 1118 1458 oc·
1147 1434 1149 1438 v

158 1493 335 1586 cultisque
353 1494 536 1573 itineribus
556 1493 734 1566 confertos
753 1494 850 1565 adire
864 1494 1119 1587 prohibebauu

161 1599 199 1672 Si
218 1591 404 1698 negotium
425 1604 572 1690 confici,
594 1603 812 1696 stirpemque
833 1602 1023 1673 hominum
1044 1602 1118 1673 sce-⁶

160 1712 352 1781 leratorum
369 1712 520 1784 interfici
537 1714 656 1800 vellet,
669 1710 903 1782 dimittendae
914 1713 1032 1805 plures
1047 1735 1119 1782 ma·
1184 1771 1190 1780 .

160 1839 242 1905 nus,
264 1818 534 1913 diducendique
550 1837 648 1891 erant
666 1819 816 1898 milites:
839 1817 1116 1891 ficontineread
1157 1880 1160 1886 .
1240 1832 1245 1838 '

158 1926 254 2024 figna
276 1929 478 2023 manipulos
498 1932 627 2017 vellet,
648 1944 691 1998 ut
703 1930 860 2001 instituta
882 1928 971 1999 ratio
984 1927 1117 2000 &con-

160 2037 315 2109 suetudo
334 2041 506 2110 exercitus
524 2040 677 2111 Romani
694 2040 913 2134 postulabat,
929 2041 1029 2110 locus
1041 2038 1117 2130 ipse

160 2162 235 2218 erat
258 2147 427 2240 praesidio
448 2147 623 2234 barbaris,
652 2170 773 2239 neque
799 2172 845 2217 ex
869 2149 1013 2218 occulto
1037 2147 1119 2217 intr-

160 2237 284 2323 diaindi
310 2252 342 2322 8c
365 2253 534 2346 dispersos
554 2253 858 2338 circumveniendi
875 2255 1017 2352 singulis
1031 2255 1119 2325 dee·

160 2365 380 2438 rataudacia.
408 2363 455 2436 At
467 2365 504 2435 in
524 2364 702 2438 eiusmodi
714 2365 992 2450 difficultatibus,
1003 2389 1118 2456 quan·

158 2487 239 2543 tum
256 2474 637 2572 diligentia'provideri
654 2491 817 2569 poterat,
843 2474 1118 2566 providebatun

159 2601 202 2654 ut
222 2586 343 2678 potius
365 2587 403 2657 in
424 2587 592 2658 nocendo
617 2587 753 2680 aliquid
780 2585 1025 2671 omitteretur,
1054 2585 1117 2654 etii

158 2693 326 2764 omnium
345 2694 454 2763 arlimi
469 2692 516 2763 ad
530 2694 775 2765 ulciscendum
793 2691 981 2778 ardebant,
1004 2712 1118 2782 quam
1167 2714 1170 2720 ·

158 2822 243 2869 cum
263 2802 384 2890 aliquo
405 2801 620 2872 detrimento
636 2803 792 2874 militum
806 2818 1003 2873 noceretur.
1030 2797 1118 2869 Cae·

156 2909 271 2982 sarad
294 2904 458 2987 finitimas
471 2911 625 2981 civitates
644 2914 789 2982 nuntios
804 2912 974 2982 dimittit:
986 2905 1116 2982 omne!
1234 2995 1235 2998 Ἴ

157 3019 255 3092 adse
276 3041 401 3090 evocat
426 3020 486 3111 spe
506 3019 683 3115 praedic,
709 3021 755 3089 ad
775 3020 994 3114 diripiendos
1015 3018 1117 3088 Ebu·

107 3185 109 3190 .
157 3147 285 3215 tunes,
311 3146 351 3198 nt
373 3129 493 3221 potius
515 3129 553 3198 in
573 3127 665 3198 silvis
692 3129 879 3199 Gallorum
898 3131 989 3216 vita,
1004 3151 1116 3220 quam

157 3239 368 3339 legionarius
384 3239 500 3325 miles,
527 3238 764 3341 periclitetur3
787 3239 889 3311 simul
904 3256 971 3328 ut,
986 3265 1115 3340 magna

158 3349 395 3423 multitudine
413 3348 640 3434 circumfusa,
658 3372 725 3443 pro
746 3350 806 3421 tali
825 3349 999 3436 facinore,
1016 3351 1115 3445 stirpe

158 3481 199 3528 ac
224 3481 360 3528 nomen
391 3457 537 3528 civitatis
566 3460 723 3528 tollatur.
764 3457 915 3556 Magnus
948 3460 1113 3552 undique

157 3585 326 3637 numerus
352 3567 511 3638 celeriter
534 3568 714 3639 convenit.
753 3568 851 3640 Haec
878 3569 915 3638 in
943 3568 1110 3640 omnibus
1126 3578 1170 3661 35

92 3679 94 3682 ’
155 3671 369 3745 Eburonum
391 3677 559 3770 partibus·
570 3679 801 3775 gerebantur,
833 3678 979 3772 diesque
1001 3702 1111 3775 appe·

156 3778 257 3852 rebat
275 3781 464 3875 septimus,
478 3806 591 3878 quem
609 3786 658 3856 ad
675 3785 775 3857 diem
792 3783 919 3857 caesar
935 3785 982 3904 ad
998 3785 1112 3880 impe·
1147 3868 1150 3876 Ι
