2632 4426
126 345 183 410 Δ
251 281 323 436 230
399 334 1041 414 ‘DEBELLOGALLICO

250 485 304 568 res
329 499 547 592 toto'ope're
577 499 835 587 circumdedit,
860 525 952 593 quae
976 501 1086 594 pedes
1110 515 1233 577 Lxxx-

187 619 231 700 73
250 606 343 679 inter
367 610 405 679 se
425 605 600 680 dillarent.
624 610 707 679 Erat
729 609 860 680 eodem
891 610 1110 704 tempore&
1135 637 1220 682 ma-

248 717 383 804 teriari,
405 717 437 791 8c
461 718 686 805 frumentari,
723 719 880 789 &tantas
899 721 1117 810 munitiones
1134 722 1215 792 fieri

247 825 400 914 necelle‘,
434 826 628 899 deminutis
654 827 777 898 nolitis
796 829 922 920 copiis,
957 853 1050 921 quae
1066 831 1215 928 longius

246 938 295 1034 ab
307 938 766 1036 castrisprogtediebantur:
785 962 824 1007 ac
837 962 1103 1031 nonnunquam
1119 960 1212 1032 ope⁴

246 1076 284 1124 ra
313 1048 427 1118 nostra
460 1049 552 1119 Galli
576 1065 735 1136 tentare,
767 1065 878 1142 atque
902 1051 1129 1143 eruptionem
1159 1070 1211 1120 ex

244 1158 387 1252 ,oppido
412 1159 576 1252 pluribus
602 1162 717 1255 portis
741 1161 878 1231 summa
901 1162 938 1231 vi
961 1163 1073 1233 facere
1096 1185 1209 1233 cona·

244 1266 390 1345 bantur.
417 1266 539 1370 Quare
558 1267 605 1336 ad
626 1269 710 1337 haec
730 1267 844 1356 rursus
867 1292 973 1362 opera
994 1266 1206 1342 addendum

246 1375 368 1447 Caesar
397 1376 558 1469 putavit,
593 1401 668 1467 quo
695 1377 834 1448 minore
862 1402 1014 1449 numeru
1045 1378 1206 1451 militum

244 1486 465 1557 munitiones
485 1484 629 1556 defendi
649 1487 797 1581 pollent.
809 1489 940 1580 ltaque
956 1489 1089 1559 nuncia
1104 1489 1207 1560 arbo·

244 1621 326 1668 rum
340 1590 413 1666 'a'ut
436 1597 638 1666 admodum
663 1598 771 1668 firmis
789 1590 1060 1685 ramis'ablcisis‚
1086 1594 1204 1691 atque

183 1774 188 1785 ,
238 1705 377 1799 ¹horum
399 1705 575 1775 delibratis
595 1721 704 1798 atque
721 1705 916 1800 praeacutis
933 1706 1202 1792 cacuminibus,

165 1865 187 1910 ³-
217 1888 220 1894 ,
245 1833 440 1910 perpetuae
460 1813 583 1902 follae,
607 1817 737 1908 quinos
761 1810 869 1916 pedes
885 1820 1001 1903 altae,
1020 1814 1205 1889 discebam

208 1999 210 2004 ,
243 1941 314 1996 tur.
336 1925 419 2019 Huc
432 1924 483 1995 illi
502 1925 631 2018 stipites
646 1927 800 2015 demilli,
822 1927 854 2000 8c
871 1929 915 1998 ab
939 1928 1202 1999 infimorevin·

136 2064 138 2071 ⁴
232 2030 311 2126 tili,
326 2057 373 2104 ne
386 2034 507 2103 revelli
519 2032 674 2126 pollent,
697 2037 741 2105 ab
756 2038 862 2117 ramis¹
873 2031 1088 2109 eminebant.
1107 2036 1203 2140 Qui·

176 2150 181 2160 ”
241 2144 282 2212 ni
298 2158 406 2212 'erant
431 2141 593 2228 ordines,
622 2140 803 2219 contundi
828 2145 919 2216 inter
943 2147 988 2216 se
1003 2163 1109 2240 atque
1120 2145 1203 2217 ⁴im-

240 2256 380 2351 plicati'5
409 2279 485 2346 quo
517 2257 580 2347 qni
603 2251 833 2343 intraverant,
858 2258 977 2350 seipsi
1000 2252 1202 2329 acutilfimis

221 2367 339 2449 „vallis
356 2363 569 2434 induebant.
596 2364 671 2432 llos
696 2369 800 2464 cippos
834 2366 1071 2459 appellabant.
1086 2367 1201 2437 :Ante

238 2476 327 2562 hos,
352 2475 507 2567 obliquis
526 2475 712 2544 ordinibus
731 2467 769 2546 in
785 2473 1027 2567 quincuncem
1053 2475 1201 2570 dispuli*

240 2607 317 2673 tos,
341 2588 475 2658 scrobes
494 2587 603 2655 trium
625 2587 661 2653 in
679 2584 906 2656 altitudinem
926 2587 1062 2679 pedum
1075 2586 1201 2658 lodie·

224 2685 395 2792 Jbantur',
422 2693 821 2790 paullatimangulliore
845 2692 895 2766 ad'
918 2695 1083 2792 infimum
1104 2695 1198 2764 fastra

222 2807 308 2905 gio.
335 2806 567 2876 Huc'teretes
599 2800 752 2898 stipites,
786 2801 924 2872 feminis
950 2801 1196 2890 crassitudine,

237 2919 284 2990 ab
303 2917 444 2988 summo
469 2913 647 3007 praeacuti
666 2912 699 2986 8c
717 2913 886 3004 praeusti,
914 2911 1197 3006 demittebantur

214 3027 316 3115 ‚ita,‘
331 3045 372 3098 ut
395 3050 469 3097 non
491 3026 643 3118 amplius
671 3022 787 3119 digitis
811 3044 852 3094 1v
881 3046 925 3097 ex
947 3039 1035 3093 terra
1057 3021 1198 3095 emine-

234 3158 334 3213 rent:
372 3139 494 3222 fimul,
520 3135 755 3231 confirmandi
788 3135 820 3207 dc
848 3132 1046 3206 stabiliendi
1076 3134 1196 3224 causa⁸

232 3250 362 3348 finguli
377 3251 421 3320 ab
436 3241 559 3318 infimo
574 3248 649 3316 solo
667 3246 775 3339 pedes
782 3230 884 3318 ”terra
898 3246 1191 3324 exculcabant-utt

233 3362 370 3452 reliqua
400 3383 477 3452 pars
502 3359 631 3428 scrobis
655 3357 701 3426 ad
732 3358 959 3429 occultandas
983 3356 1119 3426 infidias
1141 3357 1211 3442 viss

234 3469 393 3543 minibus
416 3494 456 3539 ac
475 3468 634 3564 virgultis
659 3466 892 3564 integebatur.
922 3468 1039 3536 Huius
1057 3459 1196 3563 generis

233 3577 358 3654 ottoni
379 3579 520 3650 ordines
532 3574 653 3664 dudi,
670 3596 794 3650 ternos
809 3578 900 3648 inter
920 3576 954 3647 se
971 3577 1077 3669 pedes
1092 3577 1194 3645 dilla-
1299 3600 1302 3603 ’

232 3692 329 3765 bant
354 3691 397 3763 Id
413 3715 457 3760 ex
469 3688 697 3760 similitudine
713 3687 808 3759 floris
830 3690 933 3758 lilium
949 3682 1191 3781 appellabant.
1213 3722 1215 3727 >

226 3801 329 3878 rlnte
348 3801 435 3877 haec
456 3803 590 3892 taleae,
612 3787 745 3896 pedem
771 3802 916 3901 longae,
941 3798 1060 3874 ferreis
1078 3796 1193 3880 hamis

143 4014 160 4051 1

76 4140 119 4166 k
