2632 4426
240 333 314 415 '216
436 327 508 400 DE
543 320 732 400 BELLO
771 320 1033 402 GALLICO

239 486 466 585 ditatemque
491 493 650 562 militum
672 490 924 583 reprehendit,
953 491 1112 587 quodstbi
1137 488 1203 589 ipfi
1293 569 1296 574 ,

209 642 211 646 >
238 602 477 697 iudicooiffent
507 626 567 697 quo
589 599 840 696 procedendum,
863 617 920 669 ant
942 600 1021 696 quid
1037 600 1204 692 agendum

237 711 423 784 uideretur,
448 734 545 806 mque
564 710 659 803 figno
679 651 854 815 reeipiendi
875 707 949 776 doto
967 707 1201 816 constitissent.¹

239 838 340 914 neque
361 843 382 886 o
404 819 540 886 tribunis
561 809 703 885 militum
724 815 900 910 legatisque
918 817 1053 884 retineri
1070 813 1202 912 potuis·

194 927 331 1020 sent:
360 925 542 1018 expofito,
557 923 668 1020 quid
656 927 809 1020 iniquitas
823 925 885 995 loti
898 917 1016 1021 peffet
1035 922 1113 1017 quid
1131 921 1215 1019 ipse.

242 1035 470 1107 adulteritum
479 1034 650 1131 serffsset
667 1058 758 1108 tum
768 1035 846 1128 fine
867 1033 945 1103 duce
966 1035 1044 1102 dio
1009 1033 1085 1126 fine
1108 1035 1203 1127 equi

213 1132 316 1247 ,tutu
340 1143 534 1241 deprehenso
558 1143 654 1238 lufiib
656 1166 712 1216 us
735 1143 935 1251 exploratam
959 1143 1124 1212 vitiorium
1148 1139 1203 1209 di

241 1252 390 1348 tnssffet.
408 1278 448 1324 ne
456 1277 614 1349 paruum
606 1250 704 1322 modo
725 1243 983 1322 detrimentum
969 1272 1003 1321 ut
1022 1251 1201 1319 contentio·

242 1384 283 1433 tte
295 1379 426 1461 propter
447 1364 648 1458 iniquitatem
674 1360 734 1430 loci
761 1361 928 1431 occideret
957 1362 1090 1475 Quanto
1105 1383 1201 1458 opere

242 1497 351 1552 eorum
374 1475 474 1544 animi
467 1473 752 1566 magnitudinem
773 1473 1008 1546 admiraretur
1034 1495 1110 1567 quos
1132 1493 1201 1539 non

242 1581 418 1675 castrorum
433 1582 642 1653 munitiones
664 1605 726 1649 non
747 1580 884 1650 altitudo
903 1582 1109 1655 montinum
1126 1602 1202 1646 mu·

242 1714 299 1760 rus
316 1690 423 1788 oppidi
439 1691 570 1759 tardare
579 1688 746 1786 potuiffen
763 1707 853 1760 tanto
867 1715 956 1787 opere
970 1690 1133 1760 licentium
1146 1711 1201 1758 on

241 1801 485 1892 rogantiumque
498 1798 740 1896 reprehendere,
766 1801 849 1898 quod
855 1801 932 1898 plus
942 1799 1002 1892 se,
1025 1826 1120 1896 quum
1134 1803 1201 1869 im-

237 1926 441 2008 peratorem,
475 1909 512 1979 de
537 1911 672 1980 oidorio
704 1927 799 2003 utque
826 1912 919 1980 exitu
951 1934 1057 1978 rerum
1074 1910 1200 2002 sentire

242 2018 481 2110 existimarent:
507 2041 564 2088 net
589 2021 695 2087 minus
711 2017 751 2110 se
779 2021 812 2088 in
833 2019 936 2088 milite
959 2020 1140 2113 modestiam
1162 2023 1200 2091 ds

242 2131 492 2203 continentiam,
512 2154 607 2224 quam
624 2132 776 2200 uirtutem
794 2145 888 2225 utque
911 2124 1011 2200 animi
1029 2133 1201 2223 magnitu-

152 2237 157 2248 ’
179 2261 219 2340 53
243 2238 347 2307 dinem
369 2237 553 2332 defiderore.
581 2238 656 2307 Hac
675 2238 794 2309 habita
814 2238 1051 2324 concione,8c
1069 2238 1115 2308 ad
1133 2261 1201 2309 ex-

242 2363 397 2420 tremum
433 2347 593 2419 oratione
623 2349 836 2441 confirmatis
869 2349 1065 2437 militibus,
1096 2375 1135 2421 ne
1157 2353 1228 2422 od-

215 2522 217 2527 ,
244 2458 328 2529 donc
347 2458 475 2551 causum
496 2446 601 2529 animo
621 2463 902 2557 permoverentur,'
923 2486 1004 2536 neu,
1025 2460 1109 2556 quod
1129 2463 1202 2538 ,ini-

104 2592 106 2599 ’
180 2621 181 2626 1
243 2573 351 2666 quitos
372 2571 434 2639 loti
456 2571 631 2666 ottuliffet.
654 2571 690 2640 id
704 2572 822 2643 uirtuti
843 2571 976 2665 dofiium
998 2571 1200 2647 tribuerentt

244 2681 370 2752 eadem
396 2678 440 2748 de
458 2674 678 2773 profeitione
702 2681 879 2778 cogitans,
905 2704 999 2774 quae
1014 2697 1096 2751 ante
1116 2680 1200 2752 len-

243 2785 526 2884 serat‚1eg'iones
547 2813 592 2858 ex
614 2788 723 2858 castris
743 2788 887 2876 eduxit,
910 2789 1096 2882 aciemque
1113 2787 1200 2859 ido·
1246 2814 1248 2823 ·

243 2923 315 2971 neo
336 2901 418 2970 loco
443 2898 634 2970 constituit.
669 2899 762 2974 Cum
787 2899 1058 2996 Vercingetorix
1081 2899 1200 2972 nihilo

241 3007 354 3102 magis
377 3008 415 3076 in
435 3032 592 3099 aequum
612 3010 735 3079 locum
756 3009 1003 3095 descenderet,
1023 3003 1199 3080 letifaiio
1291 3004 1294 3009 ’

244 3116 396 3208 equestri
414 3117 551 3209 proelio
573 3134 681 3208 atque
701 3143 745 3189 eo
764 3117 1001 3204 secundo,1n
1017 3119 1120 3189 castra
1136 3143 1200 3192 ex·

244 3228 396 3298 ercitum
412 3225 565 3306 reduxit.
593 3225 688 3297 Cum
709 3229 779 3298 hoc
800 3229 895 3298 idem
919 3228 1060 3321 postero
1073 3227 1133 3299 die
1149 3227 1201 3299 fe·

243 3337 357 3424 cillet,
376 3336 452 3405 satis
471 3338 517 3406 ad
538 3336 709 3407 Gallicam
730 3338 1000 3409 ostentationem
1025 3337 1199 3409 minuen-

245 3446 328 3538 dam
358 3444 589 3538 militumque
614 3447 750 3515 animos
777 3445 1038 3518 confirmandos
1060 3440 1199 3520 sallum

242 3546 460 3647 existimans,
473 3553 510 3624 in
524 3551 670 3623 Aeduos
682 3554 785 3624 castra
797 3553 919 3625 movit.
944 3553 1098 3625 Netum
1112 3555 1199 3647 qui-

246 3662 332 3735 dem
356 3664 521 3736 insecutis
546 3665 731 3753 hostibus,
763 3667 869 3738 tertio
897 3664 956 3736 die
990 3664 1035 3741 ad
1056 3657 1198 3737 flumen

198 3851 201 3856 ,
243 3770 537 3874 Elavet'pontem
562 3775 706 3868 teiecit,
732 3791 842 3871 atque
864 3775 1062 3848 exercitum
1086 3790 1201 3856 trans«,
