2632 4426
255 360 332 442 ,μ
443 335 517 412 ns
554 333 743 417 surio
780 332 1045 426 osrrrco
1177 290 1181 303 ’

204 527 375 599 quesn
396 500 622 603 delegissent3
634 501 869 628 pabulatione
881 516 1018 589 autern,
1033 522 1127 594 quae
1142 482 1234 595 pro·

253 629 342 715 pier
361 615 445 687 anni
467 632 613 709 tempus
635 639 719 687 cum
752 612 881 711 exigua
901 629 984 688 tum
1006 605 1148 683 disiedla
1174 607 1231 692 ei,⁴

258 721 336 808 let.
360 723 393 794 lc
414 721 712 809 frumentatione,
733 722 767 799 lc
786 711 931 815 reliquo
947 739 1158 796 commeatu
1181 743 1229 795 ex

222 831 392 911 8insidiis
410 832 608 927 prohibere
633 831 826 904 Romanos
859 832 968 935 Quae
991 829 1115 903 Caesar
1137 852 1229 902 con-¹

257 939 498 1019 sentientibus
517 942 686 1038 pluribus
694 966 780 1016 cunr
790 939 1024 1041 cognovillet‚
1042 957 1151 1034 atque
1171 963 1231 1030 ea,

258 1073 359 1142 quae
377 1071 686 1145 proponerentur,
713 1050 857 1124 consilia
876 1053 985 1145 plena
1001 1048 1230 1145 prudentiae,

260 1161 445 1258 longeque
470 1186 490 1232 a
513 1162 714 1235 temeritate
734 1161 973 1235 babarorum
999 1175 1137 1234 resrrota
1160 1156 1231 1231 elle

261 1268 452 1352 iudicaret.
480 1251 665 1346 omuibus
671 1273 780 1345 rebus
798 1272 1066 1345 inserviendum
1084 1270 1231 1359 statuis,

259 1407 342 1479 quo
365 1385 512 1457 celerius
534 1385 673 1472 hostes,
696 1399 880 1485 eontemta
903 1382 1050 1455 suorum
1069 1380 1236 1476 paucius«

263 1508 326 1583 te,
347 1494 567 1590 prodirent
558 1520 598 1570 rn
619 1494 742 1568 aciem.
781 1493 975 1594 Singularis
999 1492 1098 1564 enim
1116 1493 1231 1576 visun

262 1603 309 1674 tis
344 1597 546 1678 veterrimas
574 1605 733 1704 legiones
765 1623 856 1692 vu,
887 1615 966 1679 vm
991 1604 1025 1677 lc
1046 1621 1090 1675 lx
1115 1600 1231 1676 habe·

241 1711 353 1808 ¹lrat;
380 1712 539 1787 summae
564 1713 639 1809 spei
663 1709 907 1809 deledlaeque''
928 1712 1127 1786 iuventutis
1153 1730 1231 1799 xr,

218 1908 229 1918 g
249 1848 382 1920 quae,
408 1820 536 1898 odlavo
557 1821 628 1896 iam
648 1824 828 1919 stipendio
848 1821 995 1914 fundis,
1013 1842 1136 1898 tamen
1151 1825 1233 1898 cola

263 1936 399 2007 latione
426 1936 646 2030 reliquarum
670 1935 839 2008 noudum
870 1936 1023 2014 eandm
1046 1933 1232 2008 vetustatis

266 2069 308 2116 ac
326 2044 468 2116 virtutis
480 2062 625 2138 ceperat
644 2046 869 2140 opinionem.
891 2046 1053 2140 ltaque,
1075 2044 1230 2118 oonsilio

163 2155 165 2160 ’
222 2223 227 2230 ,
264 2153 463 2242 advocato,
487 2155 596 2226 rebus
620 2155 679 2244 iis,
700 2155 866 2249 quaead
885 2153 921 2229 le
941 2155 1050 2228 client
1070 2153 1233 2242 delatae,

263 2265 437 2339 omnibus
456 2265 643 2359 expositis,
668 2264 807 2337 animos
831 2265 1075 2339 multitudinis
1094 2263 1233 2337 confir-

263 2390 352 2448 mat.
382 2373 419 2446 si
446 2375 539 2447 forte
570 2376 684 2447 hollos
713 2378 824 2448 trium
859 2377 1047 2474 legionum
1075 2393 1233 2447 numero

262 2481 380 2578 pollet
397 2474 524 2557 elicere
543 2484 591 2559 ad
610 2484 882 2574 dimicandum,
899 2484 1050 2582 agminis
1061 2482 1231 2556 ordinem

264 2595 317 2668 ita
336 2595 545 2684 constituit,
569 2613 610 2667 ut
632 2596 726 2693 legio
747 2614 831 2682 vn,
858 2613 957 2681 vm,
979 2614 1021 2666 1x
1041 2610 1124 2664 ante
1148 2619 1232 2665 orn·

266 2706 327 2777 nia
341 2707 435 2775 irent
448 2705 728 2835 impedimenta3
747 2705 880 2777 deinde
890 2705 1058 2776 omnium
1076 2703 1233 2798 impedi·

265 2827 480 2884 mentorum
504 2839 632 2912 agmen
654 2817 779 2912 (quod
802 2834 925 2888 tamen
939 2829 1014 2884 erat
1029 2813 1232 2918 mediocre,

268 2940 327 2996 ut·
334 2923 373 2994 in
388 2923 681 3018 expeditionibus
698 2926 764 2997 elle
787 2925 996 3020 consuevit)
1007 2939 1150 3024 cogeret
1161 2944 1233 2997 un·

265 3033 434 3122 decima,
474 3059 520 3107 ne
543 3037 686 3109 maioris
708 3036 950 3108 multitudinis
985 3035 1115 3132 species
1138 3036 1234 3108 secia

265 3143 354 3217 dere
374 3145 533 3219 hostibus
553 3147 685 3242 pollet,
712 3172 823 3241 quarn
845 3148 924 3242 ipsi.
924 3145 1235 3243 depoposcillent.

266 3255 348 3330 Hac
372 3259 509 3331 ratione
533 3284 648 3354 paene
674 3261 850 3354 quadrato
873 3258 1014 3356 agmine
1035 3254 1236 3348 inilrudio,

267 3365 308 3437 in
331 3390 400 3437 con
403 3365 563 3463 speilum
588 3370 767 3456 hostium,
792 3368 940 3439 celerius
971 3369 1144 3462 opinione
1169 3391 1236 3442 eos

230 3501 378 3579 girum,
405 3483 602 3552 exercitum
619 3481 779 3553 adducit.
816 3479 914 3552 Cum
933 3497 1082 3574 repente
1104 3480 1236 3553 instru-

269 3583 340 3661 elas
360 3592 520 3663 velutin
542 3592 616 3664 acie
635 3611 732 3664 certo
755 3595 867 3693 gradu
887 3593 1045 3692 legiones
1061 3593 1246 3688 accedere

271 3697 369 3770 Galli
385 3697 570 3789 viderent,
592 3724 752 3794 quorum
772 3719 871 3775 erant
891 3703 937 3775 ad
955 3702 1134 3775 Caesarem
1154 3705 1239 3798 ple·

271 3832 321 3887 na
342 3810 502 3894 fiduciae⁴
515 3813 655 3891 confina
680 3817 837 3912 peruia,
863 3816 935 3897 live
946 3816 1150 3917 certaminis
1168 3840 1240 3917 ρει,
