2632 4426
442 318 676 397 LIBER
721 322 832 397 vll.
1034 334 1112 426 r93·
1188 328 1190 338 '

155 483 340 579 bunisque
368 483 528 556 militum
552 483 791 573 mandabant,
827 500 870 556 ut
893 511 958 580 per
978 510 1037 558 eos
1062 489 1110 558 ad

157 599 336 669 Caesarem
353 595 582 666 deferrentur.
616 595 709 665 Cum
724 597 792 668 iarn
806 620 911 668 muro
925 615 1036 668 turres
1050 623 1111 693 ap·
1128 599 1173 693 18

158 706 478 801 propinquassent,
520 730 565 776 ex
594 705 740 798 captivis
771 705 892 777 Caesar
917 709 1112 805 cognovit,

160 816 484 914 Vercingetorigem
504 814 692 885 consumto
712 817 846 908 pabulo
866 819 970 886 castra
986 816 1115 890 movis-

159 927 194 1005 se
216 926 363 1020 propius
384 923 594 1011 Avaricum,
632 940 742 1015 atque
763 925 879 1018 ipsum
903 950 988 996 curn
1013 927 1117 1020 equi-

159 1052 237 1107 tatu
260 1027 534 1131 expeditisque,
581 1034 645 1126 qui
672 1036 764 1105 inter
790 1037 927 1128 equites
953 1038 1117 1132 proeliari

158 1145 250 1216 conl
249 1143 401 1247 uellent,
421 1141 623 1212 insidiarum
638 1143 737 1212 causa
749 1168 791 1214 eo
805 1140 1024 1235 profestum,
1039 1170 1117 1240 quo

159 1255 296 1329 nostros
312 1253 451 1346 postero
465 1251 523 1320 die
546 1251 757 1344 pabulatum
783 1269 951 1323 venturos
975 1255 1119 1327 arbitra·
1167 1300 1173 1309 ·

160 1376 268 1433 retur.
288 1361 433 1465 Quibus
448 1358 555 1429 rebus
571 1360 743 1455 cognitis,
761 1358 879 1428 media
898 1355 1003 1431 nodie
1016 1363 1117 1433 filen·

160 1477 214 1545 tio
233 1467 428 1567 professus,
450 1469 498 1539 ad
518 1469 673 1540 hostium
694 1470 798 1541 castra
820 1493 925 1539 mane
945 1474 1118 1562 pervenit.

162 1582 219 1651 llli
237 1634 248 1670 ,
267 1580 426 1651 celeriter
446 1603 509 1673 per
531 1579 773 1671 exploratores
793 1577 951 1651 adventu
970 1582 1118 1654 Caesaris

158 1688 329 1786 cognito,
366 1713 478 1759 carros
496 1678 828 1781 impedimentaque
848 1686 957 1756 suain
976 1689 1121 1761 artiores

161 1801 261 1872 silvas
282 1798 517 1884 abdiderunt,
555 1796 671 1890 copias
700 1821 824 1866 omnes
845 1798 883 1867 in
911 1799 993 1870 loco
1016 1825 1119 1894 aper·
1240 1852 1243 1856 »

162 1929 204 1982 to
225 1933 334 2003 atque
357 1908 455 1979 edito
477 1908 726 1978 instruxerunt.
767 1907 851 2010 Qua
870 1931 909 1977 re
935 1911 1122 1999 nuntiata,

165 2020 288 2093 Caesar
306 2020 463 2092 celeriter
492 2018 636 2090 sarcinas
652 2016 820 2105 conferri,
845 2041 940 2088 arma
960 2021 1121 2114 expediri

135 2130 139 2137 ⁸
165 2133 270 2232 iuffit,
291 2132 399 2202 Collis
413 2149 488 2201 erat
507 2129 634 2200 leniter
646 2127 693 2198 ab
707 2122 837 2199 infimis
854 2122 1006 2200 acclivis:
1022 2132 1119 2205 hunc
1135 2140 1181 2232 s9'
1210 2135 1212 2139 ’

166 2269 214 2314 ex
240 2241 410 2314 omnibus
431 2241 503 2310 sere
529 2239 688 2333 partibus
710 2241 810 2330 palus
840 2239 986 2311 difficilis
1009 2261 1119 2338 atque

166 2351 340 2446 impedita
363 2350 552 2447 cingebat,
573 2371 650 2418 non
671 2347 774 2417 latior
795 2349 950 2440 pedibus
973 2369 1007 2418 L.
1036 2353 1121 2424 Hoc

167 2460 205 2531 se
218 2461 332 2547 colle,
348 2458 554 2551 interruptis
575 2454 775 2552 pontibus,
794 2455 887 2525 Galli
901 2456 1028 2530 fiducia
1049 2461 1122 2532 loci

168 2568 421 2657 continebant,
447 2567 714 2666 generatimque
737 2564 913 2636 distributi
937 2567 975 2636 in
999 2568 1122 2640 civita·

168 2683 245 2769 tes,
278 2680 398 2752 omnia
417 2681 508 2753 vada
529 2701 570 2751 ac
589 2678 693 2748 saltus
710 2679 782 2751 eius
796 2679 933 2772 paludis
946 2682 1047 2754 certis
1060 2708 1122 2756 cu·

169 2793 330 2886 slodibus
354 2791 587 2879 obtinebant,
625 2792 669 2862 s1c
693 2794 813 2864 animo
842 2793 973 2885 parati,
1009 2799 1121 2885 ut,si
1224 2802 1226 2807 ’

172 2930 251 2976 earn
267 2902 438 2998 paludem
458 2900 610 2972 Romani
631 2926 860 2994 perrumpere
885 2922 1098 2977 conarentur
1108 2955 1129 2997 ,-

171 3013 377 3088 haesstantcs
405 3027 609 3105 premerent
638 3033 684 3081 ex
717 3013 797 3080 loco
830 3010 1030 3102 superiore:
1055 3029 1118 3102 ut,

172 3127 238 3220 qui
251 3121 557 3219 propinquitatem
574 3121 645 3191 loci
666 3120 818 3213 videret,
848 3140 986 3215 paratos
1006 3149 1121 3224 propo
1211 3204 1214 3209 ,

172 3259 291 3327 aequo
315 3231 430 3302 Marte
453 3229 499 3300 ad
521 3230 770 3302 dimicandum
794 3232 1002 3304 existimaret
1015 3263 1025 3321 3
1057 3237 1121 3330 qui

93 3419 95 3422 ,
174 3344 403 3439 iniquitatem
424 3343 639 3415 conditionis
657 3344 891 3438 perspiceret,
911 3345 1005 3416 inani
1018 3348 1150 3419 fimu···

174 3454 308 3524 latione
332 3454 400 3524 sese
430 3455 601 3524 ostentare
626 3452 863 3550 cognosceret.
896 3452 1124 3552 Indignantes

176 3564 305 3635 milites
326 3563 466 3654 Caesar,
506 3564 608 3658 quod
631 3560 856 3657 conspessum
884 3564 987 3635 suum
1012 3566 1125 3634 hostes

178 3670 267 3743 serre
280 3674 436 3765 possent,
450 3676 589 3744 tantulo
602 3673 712 3766 spatio
722 3667 904 3744 interiesso
916 3723 926 3758 ‚
939 3671 971 3744 8c
985 3672 1126 3767 signum

177 3782 305 3876 proelii
329 3780 575 3875 exposcentes,
599 3783 745 3874 edocet,
768 3801 889 3881 quanto
914 3784 1126 3874 detrimento,

249 3877 316 3950 lul.
330 3878 415 3973 Caes.
435 3879 540 3972 Vosl,
898 3880 940 3968 N
1213 3875 1219 3887 ’
