2632 4426
856 121 861 152 i

260 339 309 428 μ·
448 316 521 396 nn
557 263 744 423 eunio
782 263 1039 402 carneo

258 483 571 572 rrissimor‘adorti,
593 482 758 556 &multa
782 484 893 555 millia
911 482 1072 578 paffuum
1096 482 1217 579 prose·
1263 532 1267 544 x

258 597 355 684 cuti,
380 619 548 694 magnam
564 593 839 665 multitudinem
856 616 984 665 eorum
999 592 1217 690 fugientium

147 772 148 775 ,
258 701 516 788 conciderunt,
532 722 617 772 cum
634 699 681 769 ab
703 713 866 770 extremo
888 700 1049 797 agmine,
1066 701 1112 770 ad
1125 725 1217 795 quos

259 828 413 895 ,uentum
433 826 522 895 erat,
537 807 785 896 coniisterent,
803 807 1017 902 fortiterque
1035 810 1214 903 impetum

259 923 463 996 nostrorum
485 920 643 991 rnilitum
665 919 892 998 sustinerentr
913 921 1064 1014 priores,
1082 921 1215 1022 (quod

258 1031 374 1103 abeffe
393 1028 591 1121 epericulo
611 1027 836 1114 viderentur,
856 1051 977 1120 neque
998 1030 1073 1100 ulla
1094 1032 1216 1104 neces-

203 1135 205 1142 ’
259 1143 376 1228 strate,
398 1162 517 1231 neque
539 1138 690 1232 imperio
711 1140 1216 1234 continerentur‚).exaudito

260 1254 431 1344 elamore,
451 1249 666 1342 perturbatis
680 1249 893 1337 ordinibus,
921 1273 1054 1320 ornnes.
1069 1249 1107 1322 in
1129 1251 1214 1351 fuga

261 1359 327 1431 irbi
344 1357 555 1451 praesidium
575 1373 762 1451 ponerent.
786 1358 841 1427 Ita
864 1357 936 1428 fine
958 1360 1034 1429 ullo
1052 1360 1215 1452 periculo

259 1485 398 1543 tantam
427 1494 564 1553 eorum.
585 1467 856 1538 multitudinem
884 1468 992 1539 nostri
1027 1464 1214 1541 interfecev

191 1591 197 1610 ⁸
259 1597 365 1668 tunt,
377 1596 561 1672 quantum
584 1575 654 1648 fuit
673 1577 937 1670 diei'spatium:
957 1579 1023 1650 sub
1040 1579 1213 1654 oocasum·

260 1699 334 1783 que
351 1687 430 1758 solis
449 1686 551 1779 sequi
576 1684 806 1786 destiterunt,
828 1685 942 1778 seque
962 1687 1001 1756 in
1024 1687 1144 1776 castra,
1168 1705 1213 1762 ut

199 1818 243 1872 12
261 1817 334 1872 erat
348 1799 589 1891 imperatum,
607 1814 828 1888 receperunt.
853 1796 1028 1869 Postridie
1046 1785 1122 1869 eius*
1140 1798 1212 1870 diei
1231 1833 1234 1842 ·

169 1976 170 1981 ,
261 1905 410 1992 Caesar,
424 1905 522 1998 prius
540 1924 651 1996 quam
668 1904 703 1974 ie
722 1904 834 1974 hostes
856 1929 901 1974 ex
923 1929 1056 2000 pavore
1072 1929 1112 1976 ao
1127 1905 1213 2003 fuga

257 2017 484 2108 reciperent,
520 2016 558 2085 in
583 2015 669 2133 stirpe
689 2015 1028 2108 Suessionum,qui
1054 2017 1210 2111 proximi
1249 2051 1251 2054 >

259 2122 378 2197 Remis
401 2141 525 2212 erant,
543 2123 740 2220 exercitum
762 2124 890 2211 duxit,
915 2124 971 2212 Sc,
996 2148 1124 2222 magno
1138 2124 1210 2196 iti·

155 2300 158 2303 ,
257 2259 344 2310 nere
369 2231 553 2321 comedo,
574 2219 623 2305 ad
642 2234 820 2328 oppidum
839 2222 1106 2308 Noviodunum
1122 2258 1212 2308 con-

210 2382 213 2387 ·
232 2377 238 2388 ·
258 2346 385 2426 tendit.
410 2345 453 2416 ld
476 2368 522 2416 ex
539 2344 663 2432 itinere
683 2363 890 2440 oppugnare
915 2336 1082 2432 conatus,
1106 2345 1210 2437 quod

155 2459 156 2464 ’
258 2480 415 2528 vacuum
437 2455 483 2526 ab
498 2447 744 2524 defensoribus
768 2450 834 2523 effe
852 2452 1043 2540 audiebat,
1063 2472 1211 2546 propter

256 2563 483 2655 latitudinem
505 2560 609 2634 foffae
632 2561 800 2655 mutique
822 2562 1071 2650 altitudinem,
1091 2563 1210 2658 paucis

257 2673 555 2762 defendentibus,
589 2696 794 2770 expugnare
821 2695 897 2745 non
920 2673 1048 2768 potuit
1079 2670 1211 2744 -Castrir

257 2785 429 2869 munitis,
455 2784 714 2882 vinearagere,
737 2809 904 2878 quaeque
920 2785 972 2856 ad
994 2807 1211 2882 oppugnan-

258 2897 351 2969 dum
384 2895 461 2966 usui
495 2911 614 2982 erant,
653 2920 859 2990 comparare
887 2893 1016 2990 coepit.
1060 2898 1210 2971 Interim

256 3009 374 3081 omnis
396 3032 442 3090 ex
460 3004 542 3102 fuga
567 3004 789 3078 Sueffionnrn
816 3007 1026 3078 multitudo¹
1041 3008 1079 3076 in
1104 3011 1210 3102 oppi·
1289 2995 1291 2998 Α

213 3177 214 3180 ,
256 3117 350 3186 durn
373 3116 536 3210 proxima
561 3110 667 3208 node
691 3117 869 3187 convenit
900 3113 1070 3186 Celeriter
1093 3117 1208 3186 vineis

160 3284 162 3291 ,
255 3225 508 3318 adoppidum
536 3220 649 3311 adis,
675 3249 800 3321 aggere
823 3218 941 3312 iasto,
978 3224 1209 3318 turribusque

256 3334 475 3420 constitutis,
496 3334 743 3431 magnitudine
766 3358 943 3428 operum,
964 3359 1056 3427 quae
1083 3358 1206 3427 neque
1230 3385 1232 3389 -

218 3512 222 3528 ,.
252 3446 417 3529 uiderant
437 3465 519 3518 ante
538 3446 648 3532 Galli,
670 3470 790 3539 neque
811 3447 1015 3535 audierant,
1033 3447 1065 3516 tc
1085 3447 1210 3517 celeri·

249 3572 328 3631 tate
348 3557 596 3628 Romanorum
614 3558 786 3650 permoti,
807 3559 939 3655 legator
962 3558 1007 3637 ad
1028 3557 1209 3628 Caesarem
1285 3621 1287 3624 ,

256 3665 303 3743 de
321 3666 507 3739 deditione
527 3667 696 3750 mittunt3
716 3665 764 3752 dc,
780 3668 986 3759 petentibus
1006 3664 1148 3750 Remis,
1165 3682 1210 3736 ut

191 3790 231 3870 13
256 3774 578 3862 conservarentur,
609 3773 812 3868 impetrant
855 3772 999 3865 caesas,
1028 3772 1214 3847 obfid'rbur
