2632 4426
460 332 694 409 LIBER
741 331 847 411 VII.
1060 345 1133 435 2323·

171 496 418 575 multitudinis
436 498 595 570 sustineri
607 499 704 593 posse
719 497 946 570 arbitraretur
952 523 962 584 ;
978 499 1132 592 praeses·

173 611 240 682 tim
253 609 400 704 ancipiti
419 609 582 703 proelio,
606 634 690 698 curn
710 633 756 679 ex
775 608 913 703 oppido
939 609 1131 704 eruptione
1157 599 1161 611 ¹
1224 654 1230 665 ι

172 739 408 819 pugnaretur,
437 719 519 792 soris
539 728 657 818 tantae
683 718 807 812 copiae
829 720 1007 810 equitatus
1029 717 1132 811 pedi·

172 846 340 923 tatusque
353 848 592 900 cernerentur.
617 826 667 900 At
687 828 732 916 ii,
758 826 822 920 qui
841 825 973 897 Alesrae
991 825 1131 898 obside·
1144 848 1209 925 77·

172 935 326 1026 bantur,
352 939 538 1032 praeterita
557 936 637 1025 die,
673 961 744 1029 qua
759 939 905 1009 suorum
924 936 1052 1006 auxilia
1068 960 1140 1008 ex«,

171 1048 427 1146 spesdaverant,
461 1048 650 1120 consumto
664 1050 764 1119 omni
787 1046 991 1136 frument0,
1013 1048 1131 1137 inscii,
1219 1046 1222 1053 ’

172 1162 263 1256 quid
283 1162 321 1230 in
342 1158 475 1230 Aeduis
498 1176 698 1256 gereretur,
733 1158 885 1229 concilio
905 1154 1051 1246 consto,
1082 1159 1131 1231 de

172 1270 274 1340 exitu
300 1267 524 1338 fortunarum
552 1267 692 1337 suarum
721 1265 977 1338 consultabant.
1016 1265 1132 1362 Apud

171 1401 264 1470 quos
282 1375 382 1447 variis
405 1372 504 1446 dietis
524 1373 726 1461 sententiis,
759 1382 911 1468 quaru‘m
934 1399 1013 1468 pars
1036 1376 1132 1447 dedi·

163 1487 334 1574 tionem,
355 1511 454 1579 pars,
478 1486 569 1556 dum
589 1484 679 1557 vires
703 1486 950 1579 suppeterent,
968 1486 1131 1578 eruptio·

169 1620 256 1668 nem
278 1595 489 1684 censebant,
514 1618 592 1666 non
608 1595 868 1690 praetereunda
888 1595 1032 1666 videtur
1050 1619 1131 1667 ora·

169 1709 223 1781 tio
246 1705 467 1805 Critognati,
498 1722 646 1801 propter
666 1707 741 1777 eius
764 1705 975 1803 srngularem
997 1709 1039 1775 ad
1062 1729 1131 1777 ne·

170 1816 291 1889 sarium
318 1810 575 1888 crudelitatem.
601 1815 696 1903 Hic,
730 1813 873 1886 summo
901 1817 941 1887 in
963 1813 1129 1887 Arvernis

169 1945 271 2001 ortus
290 1930 397 2014 loco,
423 1924 460 1996 &⁸
476 1949 625 2024 maguae
650 1925 792 1996 habitus
805 1919 1038 2013 aussoritatis,
1061 1923 1129 1996 Ni-

172 2040 239 2114 sris,
267 2037 408 2135 inquit,
437 2038 475 2107 da
494 2063 601 2108 eorum
611 2039 772 2130 sententia
788 2038 933 2107 dissurus
955 2037 1047 2130 sum.
1073 2040 1130 2133 qm'

170 2150 379 2246 turpiffimam
393 2146 587 2240 servitutem
610 2145 779 2217 deditionis
800 2147 924 2218 nomine
938 2145 1128 2244 appellares

63 2308 66 2313 ·
168 2281 268 2352 neque
286 2255 342 2324 stas
358 2253 516 2324 habendos
537 2255 652 2324 ciuium
672 2256 759 2329 loto,
789 2253 944 2349 nequead
959 2253 1129 2325 conabum

169 2365 361 2437 adhibendos
385 2363 501 2455 censeo.
536 2363 613 2436 Cum
636 2366 677 2434 iis
702 2364 784 2433 misti
806 2389 857 2434 res
868 2366 944 2460 fit,
978 2365 1033 2460 qui
1056 2387 1129 2434 eru·
1216 2430 1221 2443 ,

165 2479 307 2574 priorem
329 2473 491 2572 probant:
518 2498 651 2569 quorum
675 2475 708 2543 in
736 2473 887 2568 corfisio,
917 2475 1059 2543 amnium
1074 2497 1128 2546 rs-

162 2586 266 2679 strum
288 2585 453 2679 consensu,
481 2587 637 2682 pristinae
662 2587 797 2680 refidere
815 2589 948 2659 uirtutis
973 2589 1128 2658 memoria

167 2697 304 2770 uidetur.
329 2699 441 2767 Animi
457 2699 502 2791 est
528 2699 587 2792 ista
610 2699 782 2773 mollitias,
813 2722 875 2768 non
894 2698 1022 2770 uirtus,
1038 2731 1040 2735 ·
1054 2698 1127 2768 ino·

163 2809 255 2904 piam
275 2806 453 2903 paullisper
466 2806 562 2903 serre
583 2832 645 2876 non
664 2793 758 2904 poffe.
784 2806 855 2918 Qui
863 2803 904 2898 se
926 2807 1012 2876 ultro
1027 2809 1127 2878 morti

165 2915 327 3010 qfferant,
336 2913 478 3010 facilius
497 2920 717 3014 reperiuntur,
736 2943 831 3011 quam
847 2920 903 3012 qui
918 2918 1053 2987 dolorem
1066 2940 1128 3015 pa·
1191 2959 1194 2971 ·

169 3027 287 3094 tienter
303 3018 440 3121 serant,
465 3025 569 3120 Atque
593 3049 650 3117 ego
681 3025 765 3094 stans
784 3023 980 3116 sententiam
1004 3026 1127 3120 probu-
1167 3027 1174 3035 ’

167 3157 257 3206 ram,
277 3135 375 3226 (nam
387 3132 475 3230 apud
481 3157 530 3202 me
550 3150 677 3204 santum
695 3133 840 3226 dignitas
846 3134 987 3231 potest.)
997 3135 1037 3226 st
1049 3134 1127 3203 nus-

167 3251 254 3318 lam.
278 3259 503 3339 praeterquam
520 3246 607 3314 vitae
630 3245 775 3338 nestrae.
805 3244 962 3313 iussurum
972 3245 1126 3339 sterius-

168 3353 298 3422 derem‚·
311 3352 377 3445 scd
390 3356 423 3421 in
439 3354 568 3448 carfilio‘
590 3354 741 3450 capiendo
766 3376 888 3424 omnem
904 3353 1048 3424 Galliam
1071 3379 1126 3424 re-

156 3457 359 3555 spiciamus.
378 3487 473 3558 quam
491 3464 536 3533 ad
551 3464 689 3557 nostrum
710 3463 870 3533 auxilium
887 3464 1124 3535 concitavimus.

166 3541 281 3750 gups.
317 3573 479 3664 hominum
498 3575 640 3645 missibus
663 3590 788 3646 lxxx
814 3596 876 3645 uns
897 3577 962 3646 soce
986 3575 1126 3674 interfa-

198 3683 211 3749 i
236 3730 248 3752 .
271 3685 456 3780 propinquis
483 3686 783 3782 consanguineisque
802 3687 913 3782 nqsris
935 3688 1124 3786 aninifore

162 3753 372 3887 sxsstimaris,
379 3793 420 3889 st
432 3818 536 3894 paens
556 3797 589 3867 in
604 3795 678 3894 ipſss
699 3795 907 3871 cadaueribus
920 3797 1042 3896 proelio
1066 3797 1125 3873 dt·

934 4079 943 4109 ἱ
