2632 4426
203 309 204 312 ‘
259 307 333 387 soe
424 303 502 379 ou
537 301 732 424 seruo
769 301 1045 379 cnrrrco

263 484 347 546 tum
378 455 531 537 numero
559 481 820 551 convenerant,
850 465 1065 536 nominatim
1094 465 1140 536 ab
1163 472 1218 538 'ed

263 565 412 654 ciocati.
437 579 501 648 His
521 595 593 650 erat
606 578 697 648 inter
710 579 745 648 se
767 578 812 648 de
837 579 1037 672 principatu
1062 588 1217 650 conten-

252 690 379 778 »tio,8c
397 691 435 759 in
449 687 779 786 illamagistratuum
795 689 1030 758 controversia
1044 691 1129 760 alter
1145 715 1217 783 pro

261 799 567 884 Conviciolitane,
605 800 690 869 alter
712 823 778 890 pro
799 799 892 869 Coto
912 799 1056 868 summis
1072 801 1215 892 ‚opibus

261 927 516 1008 pugnaverant.
545 908 599 977 Ex
625 907 665 976 iis
688 908 927 999 Eporedorirr,
951 910 1094 1005 cognito
1115 911 1215 981 Lita-

112 1026 113 1030 ’
141 1093 143 1096 ,
261 1023 332 1096 vici
351 1021 511 1108 consilio,
537 1020 659 1090 media
676 1019 748 1088 fere
762 1015 865 1107 nodie
879 1045 953 1090 rem
966 1021 1017 1105 ⁴ad
1032 1023 1214 1095 Caesarem
1276 1058 1279 1063 ·

263 1128 396 1214 defert,
421 1145 514 1214 orat,
541 1153 580 1196 ne
599 1130 770 1225 patiatur.
797 1132 958 1199 civitatem
976 1135 1089 1228 pravis
1106 1133 1214 1201 odole-
1279 1128 1286 1156 '

258 1239 416 1333 seeniium
438 1240 575 1332 confiliis
600 1240 639 1308 ob
671 1241 813 1309 amicitia
839 1243 949 1338 populi
973 1241 1108 1312 Romani
1131 1244 1216 1337 defi⁴

261 1374 357 1420 ceree
379 1348 462 1444 quod
478 1347 636 1444 saturum
656 1348 841 1444 provideat.
865 1350 949 1443 fise
977 1368 1022 1419 rot
1049 1349 1213 1420 hominum

260 1448 460 1528 milliacum
485 1455 619 1548 hostibus
647 1457 893 1530 coniunxerint.
920 1481 1051 1551 quorum
1064 1459 1213 1551 salutem

261 1589 360 1660 neque
369 1565 535 1660 propinqui
531 1563 736 1655 negligere
753 1589 851 1658 neque
870 1565 945 1645 civit
947 1591 983 1633 os
933 1566 1059 1636 clevi
1072 1593 1213 1637 momen·

197 1698 247 1771 40
264 1690 296 1743 to
322 1675 487 1767 aestimare
507 1671 616 1768 peffet.
652 1670 779 1766 Magna
805 1665 945 1740 assessus
971 1670 1210 1743 sollicitudine
1245 1741 1249 1752 ,

261 1783 332 1854 hoc
349 1781 478 1852 nuntio
495 1779 636 1865 Caesar,
660 1780 764 1870 quod
780 1781 918 1874 semper
937 1779 1192 1853 Aeduorum
1162 1808 1213 1855 cr·
1282 1830 1285 1834 »

260 1891 361 1963 vitati
378 1888 567 1982 praecipue
580 1887 791 1974 indulserat,
813 1891 912 1958 nulla
929 1890 1131 1984 interposita
1144 1893 1210 1963 du

219 1991 221 1995 ¹
260 1998 433 2081 bitatione
447 1999 601 2095 legiones
618 1995 798 2088 expeditas
815 2014 970 2090 quatuor
989 2001 1211 2092 equitatum-

259 2132 335 2200 que
360 2132 506 2178 omnem
525 2131 570 2177 ex
588 2106 697 2174 castris
718 2106 864 2178 educit:
886 2134 953 2179 -nec
973 2109 1041 2180 suit
1053 2109 1211 2203 spatium

259 2219 322 2292 tali
348 2233 511 2306 tempore
534 2213 580 2283 ad
606 2215 845 2288 contrahenda
869 2217 993 2305 castra,
1026 2220 1128 2312 quod
1153 2245 1211 2290 res

259 2328 372 2425 posita
384 2327 421 2395 in
436 2324 611 2394 celeritate
623 2324 819 2397 videbatur.
833 2315 873 2396 C.
886 2327 1036 2397 Fabium
1049 2330 1208 2424 legatum
1269 2314 1273 2330 '

175 2523 204 2534 Ι,
260 2462 345 2516 cum
358 2435 557 2533 legionibus
569 2434 905 2528 11crstrispraes1dio
917 2436 1097 2528 relinquit.
1127 2438 1210 2508 Fra·
1283 2480 1290 2488 ‹

259 2562 328 2618 tres
348 2544 496 2616 Litavici
519 2569 602 2619 cum
617 2546 874 2639 comprehendi
892 2545 1049 2633 iussisset,
1081 2550 1209 2640 paullo

258 2676 343 2730 ante
355 2660 485 2753 tepuit
506 2659 551 2730 ad
567 2659 676 2730 hostes
693 2658 886 2756 profugisse.
913 2658 1129 2731 Adhortatus
1142 2663 1211 2730 mi·
1240 2723 1242 2726 ,

154 2774 155 2778 ’
257 2773 359 2858 lites,
390 2797 429 2842 ne
455 2772 620 2866 neceffario
643 2783 777 2867 ternpore
803 2772 928 2839 itineris
955 2770 1060 2841 labore
1080 2796 1208 2869 permo-

259 2900 416 2956 veanture
435 2880 660 2973 cupidissimis
683 2881 870 2968 omnibus,
892 2882 1083 2979 progressus
1096 2881 1207 2951 miliia
1264 2974 1269 2984 ἡ

256 2987 419 3084 passuum
443 3001 552 3074 xxv,
580 3006 707 3084 agmen
733 2987 941 3083 Aeduorum
967 2990 1207 3082 conspicatus,

256 3097 408 3170 immisso
428 3097 606 3190 equitatu,
620 3098 686 3168 iter
700 3123 827 3170 eorum
846 3118 1007 3168 moratur
1018 3110 1125 3189 atque
1143 3099 1206 3168 im·

255 3207 380 3302 pedit,
410 3205 662 3298 interdicitque
691 3209 878 3295 omnibus,
911 3233 964 3278 ne·
982 3230 1204 3299 quemquam

77 3402 79 3407 ,
256 3312 1097 3409 interficiant.Eporedorigem&Viridomarum,
1112 3338 1204 3405 quos

154 3470 157 3474 -
256 3423 308 3494 illi
335 3418 534 3494 interfectos
554 3421 832 3510 existimabant,
856 3424 947 3493 inter
967 3423 1102 3515 equites
1125 3447 1205 3493 ver*

256 3535 339 3621 sari,
362 3535 515 3626 suosque
533 3535 709 3627 appellare
722 3533 832 3606 iubet.
856 3536 900 3604 Iis
918 3534 1087 3631 cognitis,
1101 3535 1131 3607 8c
1146 3536 1205 3610 Li·

256 3643 361 3715 tavici
381 3643 504 3714 fraude
527 3639 725 3738 perspesia,
748 3643 867 3713 Aedui
887 3667 1010 3712 manus
1031 3643 1207 3730 tendere,

256 3750 289 3826 ὃς
308 3753 530 3827 deditionem
545 3754 747 3854 significare,
762 3754 795 3827 8c
810 3747 969 3854 proiesiis
988 3738 1091 3824 armis
1105 3780 1205 3827 mor·
1294 3812 1296 3817 .
