2632 4426
200 339 286 416 ηε
378 337 453 411 ur
487 336 685 413 uasto
722 337 1001 448 critico
1241 338 1256 397 r

214 499 408 595 ,protestor
433 499 636 574 habiturum.
661 501 692 569 lt
721 504 839 572 terrori
853 501 1000 605 'hostibus
1009 496 1189 598 futuroru.¹

221 608 457 681 Conclamant
469 611 630 704 equites,
650 612 848 705 sanl‘lffmo
873 610 1089 683 iureiurando
1105 639 1183 684 con·

210 725 351 819 firmari
369 740 530 821 oportere,
545 747 584 793 ne
603 727 683 792 tecto
698 726 898 822 recipiatur,
923 749 965 793 ne
985 723 1030 793 orl
1045 714 1187 800 liberos.'

222 853 263 898 ne
288 828 507 926 adparentes
539 830 644 898 read
666 855 801 900 uxorem
820 830 945 899 aditum
963 831 1096 904 lrabeat,
1122 833 1185 927 qui
1231 896 1233 902 Α

160 939 211 1035 67
223 962 284 1007 non
303 939 349 1007 bis
359 963 420 1036 per
433 963 547 1032 agmen
564 939 696 1033 hrylium
711 943 938 1037 perequitarit-
957 939 1119 1011 Probata
1122 965 1184 1029 re,

221 1065 331 1140 atque
355 1048 525 1120 omnibus
545 1048 592 1119 ad
619 1050 866 1122 iusiurandum
888 1045 1032 1136 adaciis,
1059 1051 1182 1143 poste-

140 1222 141 1227 ,
220 1181 262 1229 ro
278 1156 358 1227 dle
348 1182 388 1227 tn
398 1172 468 1228 tres
486 1174 600 1250 partes
618 1157 810 1245 distributo
828 1152 1015 1250 equiiatu,
1032 1157 1127 1228 duae
1143 1157 1180 1230 se
1259 1187 1265 1205 Ι

168 1356 171 1359 ¹
220 1268 310 1339 acies
324 1268 369 1336 ab
384 1267 528 1337 duobus
549 1267 716 1339 lateribus
730 1267 944 1340 ostendunt:
973 1291 1045 1337 una
1065 1293 1085 1338 a
1104 1268 1197 1361 pri·.

220 1402 284 1446 mo
307 1375 447 1472 agmine
470 1376 536 1445 iter
559 1375 734 1467 impedire
756 1376 884 1468 coepit.
911 1377 994 1482 Qua
1016 1400 1054 1446 re
1076 1386 1177 1446 nun-

162 1538 173 1557 Α.
219 1487 323 1573 tiata,
356 1484 476 1555 Caesar
496 1484 601 1555 suum
622 1509 773 1578 quoque
793 1485 1023 1577 equitatum,
1048 1485 1179 1579 triparss

88 1668 89 1673 ,
185 1677 187 1681 ,
219 1597 288 1666 tito
312 1595 482 1680 divisum,
504 1594 554 1664 ire
573 1610 702 1680 ¹contra
725 1596 863 1670 hostem
883 1595 995 1669 iubet.
1033 1596 1178 1693 Pugna·

189 1794 192 1798 ‚
220 1722 280 1777 tur
297 1730 367 1776 una
382 1726 473 1776 tunc
494 1705 664 1775 omnibus
686 1705 723 1774 in
747 1705 926 1799 partibus:
952 1705 1103 1776 confistit
1121 1730 1179 1804 ag·

221 1840 326 1888 men:
354 1813 612 1908 impedimenta
642 1815 736 1886 inter
759 1815 921 1919 legiones
944 1815 1179 1908 recipiuntur.

218 1924 257 1995 Si
282 1949 353 2018 qua
368 1925 404 1993 in
418 1941 517 2018 parte
532 1925 640 1994 nostri
656 1925 813 1996 laborare
829 1944 892 1996 aut
906 1926 1043 2022 gravius
1056 1923 1176 2019 premi

96 2050 100 2054 '
219 2035 456 2119 videbantur,
487 2060 530 2104 eo
563 2035 656 2132 signa
680 2035 801 2106 inferri
823 2035 955 2107 -Caesar
987 2039 1186 2128 aciemque·

179 2232 183 2238 η
219 2144 563 2240 conuerti'iubebat:
580 2168 672 2236 quae
688 2170 739 2215 res
755 2144 912 2216 &hostes
924 2145 969 2216 ad
989 2146 1175 2237 insequen-

219 2252 311 2322 dum
330 2253 513 2341 tardabat,
530 2251 577 2323 '8c
604 2254 739 2326 nostros
759 2255 820 2349 spe
842 2255 964 2326 auxilii
983 2256 1176 2327 confirma·
1228 2319 1232 2326 .

218 2364 292 2435 bat.
318 2363 485 2434 Tandem
508 2364 678 2437 Germani
697 2368 742 2436 ab
769 2367 896 2438 dextro
921 2369 1051 2453 latere,
1074 2367 1175 2438 sum·

100 2480 104 2484 ’
174 2562 176 2566 v
218 2499 321 2545 mum
347 2475 472 2570 iugum
494 2471 607 2562 naili,
634 2473 748 2545 hostes
774 2478 855 2546 loco
875 2474 1082 2568 depellunt,
1114 2475 1177 2546 fu-

216 2585 351 2680 gientes
365 2584 536 2685 usquead
551 2583 708 2672 flumen,
730 2587 794 2657 ubi
802 2587 1074 2683 Vercingetorix
1086 2611 1176 2658 cum

172 2767 184 2783 ,0
216 2689 435 2781 pedestribus
467 2689 576 2782 copiis
611 2689 843 2776 consederat,
883 2693 1174 2785 persequuntur,

217 2803 493 2894 compluresque
508 2801 735 2872 interficiunt.
763 2804 848 2908 Qua
862 2826 899 2873 re
913 2803 1174 2893 animadversa,

217 2913 371 3004 reliqui,
402 2936 449 2992 ne
475 2912 840 3001 circumvenirentur,
868 2913 992 2999 veriti,
1011 2913 1046 2983 le
1065 2913 1172 3008 fugae

207 3021 401 3112 mandant.
428 3021 612 3105 Omnibus
626 3021 710 3117 locis
731 3022 772 3091 fit
783 3020 924 3108 caedes:
944 3038 1011 3091 tres
1025 3020 1172 3090 nobilis-

215 3137 290 3209 fimi
307 3133 424 3205 Aedui
438 3137 529 3229 capti
550 3134 596 3204 ad
612 3132 792 3207 Caesarem
805 3135 1071 3228 perducuntur:
1095 3134 1170 3205 Co·
1198 3209 1203 3214 ,

215 3263 294 3334 tus,
309 3241 503 3340 praefeiius
515 3246 680 3338 equitum
694 3297 705 3333 ,
720 3247 785 3339 qui
797 3244 1068 3323 controversiam
1081 3255 1170 3315 curn

217 3353 498 3432 Conviilolitane
529 3355 701 3450 proximis
730 3356 881 3427 comitiis
905 3354 1096 3435 habuerat;
1134 3352 1169 3424 lc

215 3469 429 3554 Cauarillus,
458 3466 522 3559 qui
533 3466 613 3560 post
636 3460 873 3536 defeilionem
895 3460 1042 3532 Litavici
1057 3461 1170 3552 pede·

127 3585 128 3589 ’
215 3579 341 3648 stribus
368 3577 479 3671 copiis
502 3575 722 3671 praefuerat3
758 3574 1056 3669 &Eporedorix,
1090 3597 1169 3665 quo

215 3691 308 3763 duce
327 3709 408 3762 ante
423 3689 621 3761 adventum
640 3687 787 3760 Caesaris
800 3686 917 3757 Aedui
933 3710 1018 3758 cum
1040 3683 1172 3777 Sequa·

77 3845 79 3849 Δ
153 3797 201 3876 68
214 3803 268 3884 nis
289 3803 386 3922 bello
408 3798 689 3914 contenderant.
710 3798 844 3897 Fugato
866 3795 967 3868 omni
988 3795 1172 3892 equitatu,
