2632 4426
354 278 664 357 LIBER
711 277 901 358 vm.-
1030 299 1244 384 anfi

149 431 319 536 vulnera,
343 444 494 543 perfidia
506 443 730 540 interposita,
753 447 963 538 paterentur
969 440 1114 560 inulta,
1169 409 1178 486 Ι

152 559 401 652 conversoque
423 580 544 650 equo,
578 556 613 626 se
636 580 657 627 a
681 555 803 627 ceteris
829 528 1005 625 incautius
1029 572 1114 647 per·

152 685 270 742 mrttrt
282 692 321 739 ιη
339 660 569 762 praefessum.
603 662 755 736 Faciunt
774 661 870 735 idem
894 685 1019 734 omnes
1037 660 1132 735 eiua*
1239 688 1259 726 .·

153 781 318 871 equites,
334 801 543 872 paucosque
554 775 689 847 nostros
699 789 919 847 convertunt
935 792 1046 866 atque
1058 771 1114 843 in·

153 891 365 984 sequuntur·
380 888 565 962 Commius
576 887 760 959 incensum
772 887 961 976 calcaribus
972 910 1114 982 equum

149 1000 295 1100 iungit
302 1024 400 1092 equo
432 998 633 1103 Quadrati,
664 1001 861 1091 lanceaque
887 995 1010 1067 infesta
1035 1019 1114 1068 me·
1146 1054 1159 1089 r,
1205 998 1208 1002 ’

150 1111 256 1182 dium
271 1111 434 1181 femur
405 1135 480 1181 erus
500 1109 636 1206 magnis
659 1109 792 1179 viribus
812 1108 989 1179 transiicit.
1009 1108 1113 1181 Prae·

148 1215 245 1294 secio
273 1222 481 1306 vulnerato,
505 1243 582 1290 non
610 1218 797 1290 dubitant
806 1219 913 1289 nostri
934 1217 1112 1307 refistere,
1159 1302 1162 1305 ,

149 1330 364 1403 &conversi
393 1330 529 1402 hostem
550 1332 691 1426 pellere
720 1329 835 1436 Quod
867 1328 932 1400 nbi
955 1329 1110 1418 accidit,

148 1444 352 1536 complures
382 1444 554 1527 hostium,
585 1465 717 1539 magno
739 1441 942 1512 nostrorum
967 1442 1109 1536 impetu

147 1551 257 1648 pulsi,
280 1552 531 1639 vulnerantur,
560 1550 735 1644 &partim
754 1551 791 1621 in
814 1550 896 1647 fuga
917 1546 1129 1642 procerum

148 1675 233 1744 tur,
260 1661 391 1755 partirn
424 1661 709 1755 intercipiuntur.
742 1661 856 1766 Quod
886 1661 951 1735 nbi
970 1663 1109 1737 malum

17 1855 22 1862 .
54 1789 58 1809 s
148 1769 227 1858 dux
254 1773 338 1873 equi
361 1773 550 1865 velocitate
574 1773 738 1858 evitavit3
768 1775 919 1870 graviter
940 1775 1109 1848 vulnera·

86 1903 91 1920 ¹
147 1874 442 2063 ypraefeiius,
467 1903 508 1954 ut
529 1886 621 1954 vitae
638 1885 840 1980 periculum
864 1886 1024 1956 aditurus
1051 1885 1108 1958 vi·

175 2011 314 2081 eretur,
337 1992 489 2066 refertur
504 1996 541 2066 in
556 1996 669 2066 castra.
695 1994 884 2067 Commius
896 2012 1042 2084 autem,
1067 1996 1108 2068 sr-
1146 2003 1151 2014 “

141 2130 192 2186 ,νε
206 2105 350 2197 expiato
373 2105 436 2174 suo
463 2105 612 2193 dolore,
643 2106 712 2176 five
731 2128 858 2202 magna
873 2126 972 2198 parte
987 2106 1107 2179 amiffa

144 2213 316 2302 suorum,
340 2217 472 2310 legator
492 2213 540 2283 ad
554 2213 758 2285 Antonium
784 2217 917 2303 mittit,
938 2218 1049 2311 seque
1069 2219 1105 2296 8c

142 2323 195 2397 ibi
210 2324 399 2414 futurum,
421 2322 487 2394 ubi
498 2324 772 2418 praescripserit,
795 2327 826 2396 8c
845 2352 883 2398 ea
900 2326 1104 2422 fafinmm,
1145 2376 1150 2385 ·

144 2459 238 2529 quae
259 2434 504 2528 imperaverit,
527 2433 709 2504 obfidibus
723 2436 811 2505 datis
829 2437 952 2507 firmat.
979 2441 1103 2517 Unum

142 2543 235 2615 iilud
250 2563 347 2633 orat,
369 2563 411 2614 ut
422 2542 542 2613 timon
533 2544 618 2615 luo
634 2548 873 2636 concedatur,
892 2575 939 2621 ne
960 2553 997 2621 in
1012 2577 1103 2626 con·

142 2653 305 2749 specium
329 2656 447 2726 veniat
466 2658 678 2747 cuiusquam
700 2657 865 2734 Romani
885 2664 1006 2770 Quam
1032 2690 1103 2760 po·

144 2766 370 2839 strrlationem
386 2763 565 2836 Antonius
580 2792 665 2839 cum
685 2769 855 2844 iudicaret
867 2775 911 2844 ab
929 2775 1019 2848 iusto
1037 2803 1101 2863 na·

141 2880 191 2952 sci
217 2878 360 2963 timore,
395 2877 539 2948 veniam
558 2882 699 2972 petenti
727 2881 849 2975 dedit,
876 2886 1016 2958 obfides
1042 2913 1098 2962 ao·

143 2989 251 3083 cepio

185 3313 289 3404 Scio,
320 3313 500 3394 Caesarem
523 3317 744 3417 singulorum
770 3347 949 3414 annorum
975 3327 1092 3428 singna·
1131 3325 1134 3330 ’

136 3430 191 3500 los
207 3428 481 3499 commentarios
499 3426 698 3503 confeciffe:
721 3435 824 3527 quod
839 3462 905 3535 ego
919 3461 993 3510 non
1016 3465 1094 3512 exr
1073 3469 1110 3498 ·

135 3537 292 3609 ssimavi
307 3541 395 3610 mihi
429 3540 496 3612 effe
522 3540 742 3631 faciendnm3
773 3567 960 3642 propterea
986 3549 1092 3644 quod

131 3646 341 3750 insequens.
347 3675 484 3740 annua,
517 3651 557 3722 L.
584 3654 708 3726 Paullo
740 3655 779 3727 C.
803 3657 971 3730 Marcello
995 3660 1092 3736 coss.

128 3761 247 3833 nullan
266 3787 320 3836 rea
338 3765 472 3870 Galliae
495 3765 606 3856 habet
621 3791 753 3870 magno
742 3792 881 3946 ορὲῐε
895 3770 1011 3871 gestas.
1030 3775 1090 3853 Ne
1179 3784 1182 3788 ’

871 3896 893 3977 5
1248 3890 1252 3899 .
