2632 4426
247 354 352 444 „120
471 330 543 404 ut
581 328 760 406 tatto
799 327 1056 402 sitrico
1118 413 1124 432 Ι
1193 434 1195 441 k

270 515 328 584 «pe
347 514 472 562 omnes
496 499 602 563 naves
625 485 762 562 affiittas
789 509 898 584 atque
921 491 958 559 in
973 490 1087 560 iitor'e
1113 483 1237 561 eiesias

280 596 361 682 essm
383 597 487 690 quod
508 610 627 690 neque
644 621 793 668 ancorae
809 597 984 688 funesque
997 596 1236 691 subsisterent,

278 729 402 799 neque
425 726 554 780 nautae
567 708 890 806 gubernatoresque
903 707 977 777 vim
999 707 1076 800 pati·
1094 720 1237 797 tempe·

273 816 370 891 uatis
396 816 551 910 possent:
593 819 715 910 itaque
747 842 861 888 exeo
886 815 1234 940 concursupatium

128 960 131 969 ·
214 953 255 1018 rr
280 948 451 1022 magnum
467 927 532 998 esse
546 925 819 999 incommodum
833 947 1032 1020 acceptum·
1053 925 1117 999 Hts
1128 924 1235 1008 rebus

277 1037 449 1133 cognitis,
467 1037 589 1109 Caesar
602 1038 757 1133 legiones
776 1038 1052 1132 equitatumque
1064 1021 1233 1120 revocari,

276 1163 389 1237 atque
416 1147 542 1217 itinere
567 1146 724 1217 desistere
750 1146 875 1217 iubet:
898 1142 970 1238 ipse
994 1144 1161 1233 adnotes
1177 1167 1234 1212 re-

263 1255 446 1330 uertitur:
471 1258 594 1330 eadem
614 1259 709 1346 sere,
733 1282 886 1352 quaeest
906 1257 1039 1329 nuntiis
1051 1254 1232 1347 literisque

167 1370 171 1376 ’
276 1385 516 1466 cognoverat,
547 1394 665 1443 coram
681 1367 870 1463 perspicit,
888 1366 933 1437 stc
945 1383 1009 1451 ut,
1030 1365 1153 1436 amissts
1166 1363 1232 1437 cir.-

276 1478 365 1550 citer
384 1498 434 1549 xt
450 1479 601 1551 navibus
612 1531 624 1566 ,
636 1480 793 1570 reliquae
805 1486 926 1549 tamen
940 1477 1034 1548 refici
1047 1474 1143 1570 posse
1158 1499 1231 1545 ma·

276 1609 351 1680 gno
372 1589 518 1685 negotio
532 1588 746 1658 viderentur.
769 1587 895 1678 ltaque
916 1609 962 1655 ex
973 1579 1173 1680 legionibus
1187 1579 1234 1650 sa·

277 1695 362 1774 bros
386 1698 541 1794 delegit,
562 1684 599 1767 'sc
620 1722 664 1768 ex
683 1696 884 1768 continenti
904 1697 989 1767 alios
1009 1693 1153 1767 arcessiri
1175 1692 1230 1762 iu-

276 1802 364 1885 bet:
390 1806 550 1878 Labieno
574 1806 711 1892 scribit,
740 1826 800 1893 ut,
829 1830 937 1899 quam
963 1805 1132 1900 plurimas
1149 1802 1231 1900 pos·

276 1915 337 2002 stt,
353 1916 393 1986 iis
401 1917 601 2015 legionibus
617 1970 626 2003 ,
644 1941 736 2010 quae
748 1918 815 1988 sint
824 1918 922 2012 apud
937 1941 1020 1987 eum
1033 1966 1044 2003 ,
1058 1939 1163 1986 naues
1173 1914 1230 1984 in·

275 2023 405 2097 stimat.
432 2027 530 2119 lpse,
559 2027 619 2096 etsi
639 2053 691 2097 res
713 2045 785 2096 erat
806 2029 941 2098 multae
965 2050 1093 2119 operae
1115 2048 1155 2095 ac
1178 2025 1229 2094 la·
1302 2096 1304 2101 ,

276 2133 394 2222 boris,
414 2153 532 2206 tamen
551 2137 877 2208 commodisfimum
897 2134 964 2207 esse
986 2124 1120 2234 statuit,
1147 2159 1229 2204 om·

274 2263 338 2319 nes
351 2265 456 2313 naves
480 2245 650 2330 subduci,
674 2245 808 2317 sctum
829 2246 941 2318 castris
956 2239 1028 2316 una
1052 2242 1239 2315 munitio.-¹

273 2378 323 2431 ne
345 2355 527 2454 coniungi.
548 2357 589 2427 In
610 2358 662 2427 his
681 2358 787 2430 rebus
806 2356 941 2428 circiter
967 2358 1042 2427 dies
1061 2375 1087 2426 x
1102 2352 1189 2425 cons
1212 2387 1228 2408 ·

274 2465 364 2552 mit,
388 2491 436 2537 ne
450 2462 632 2536 nostumis
653 2466 801 2558 quidem
823 2465 1048 2561 temporibus
1062 2465 1108 2537 ad
1121 2465 1224 2536 labo·

272 2591 349 2655 rem
369 2565 527 2644 militum
541 2574 745 2645 intermissis.
769 2570 962 2646 Subdusiis
976 2575 1148 2662 navibus,
1169 2597 1225 2643 ca-

272 2680 427 2779 strisque
447 2681 773 2778 egregiemunitis,
808 2683 949 2754 easdem
972 2684 1113 2778 copias,
1137 2706 1225 2775 quas

272 2809 376 2878 ante,
400 2791 572 2885 praesidio
603 2791 753 2864 navibus
782 2794 948 2886 reliquit:
979 2795 1051 2887 ipse
1069 2794 1223 2880 eodem,

272 2898 372 2975 unde
399 2901 568 2989 redierat,
599 2902 843 2996 proficiscitur.
881 2904 934 2974 Eo
956 2927 1038 2974 cum
1062 2901 1224 2988 venisset,

229 3073 232 3077 .
272 3011 421 3081 maiores
440 3011 510 3080 iam
534 3010 698 3103 undique
721 3011 759 3080 in
779 3036 860 3080 eum
876 3014 996 3081 locum
1009 3012 1131 3104 copiae
1147 3010 1222 3080 Bri-

222 3162 225 3166 ·
270 3134 465 3192 sannorum
497 3134 758 3206 convenerant,
790 3111 927 3188 summa
954 3117 1093 3210 imperii
1118 3117 1223 3186 belli-

163 3256 164 3259 ¹
272 3213 637 3317 que‘administrandi
668 3226 855 3298 communi
887 3225 1031 3297 consilio
1058 3224 1220 3319 permissa

270 3334 544 3423 Cassiuellauno,
565 3337 664 3409 cuius
679 3338 765 3407 fines
783 3363 801 3408 a
820 3336 1004 3408 maritimis
1018 3337 1220 3408 civitatibus

269 3442 407 3529 flumen
423 3443 571 3531 dividit,
589 3444 692 3535 quod
705 3446 900 3538 appellatur
910 3444 1081 3531 Tamesis,
1100 3447 1218 3517 amari

220 3636 222 3641 s
270 3553 406 3638 circiter
420 3552 527 3623 millia
542 3552 702 3646 passuum
720 3564 831 3625 Lxxx.
846 3555 940 3627 Huic
952 3554 1220 3647 superioritem·

267 3687 358 3759 pore
381 3689 463 3735 cum
489 3664 632 3759 reliquis
649 3664 860 3745 ‚civitatibus
883 3665 1103 3740 continentia
1121 3665 1220 3736 belsa-

266 3769 541 3873 intercesserant:
573 3770 637 3845 sed
655 3771 773 3848 nostro
792 3771 951 3860 aduentu
969 3773 1125 3868 permoti
1146 3773 1220 3871 Bria
