2632 4426
447 328 681 403 LIBER
728 329 779 406 V':
871 350 874 357 ’
1021 355 1085 406 aar

55 564 60 572 ,
134 489 348 562 tannihunc
370 490 436 562 toti
464 489 563 562 bello
585 490 815 585 imperioque
834 487 1087 584 praefecerant.
1146 554 1149 559 ⁴

135 600 334 671 Britanniae
345 624 423 694 para
436 600 580 673 interior
596 601 642 671 ab
659 602 698 673 lia
712 599 903 686 incolitur,
924 625 1015 693 quos
1027 622 1087 684 na·
1103 625 1147 679 η

136 731 191 784 toa
218 715 254 783 in
280 712 391 783 insula
419 712 491 804 ipsa
516 710 693 802 memoria
717 710 904 804 proditum
939 709 1085 782 dicunt:

134 821 310 894 maritima
323 847 401 915 pars
422 821 472 902 ab¹
495 821 553 908 iis,
577 822 641 915 qui
660 820 810 915 praedae
824 843 863 892 ac
887 819 972 890 belli
995 817 1088 905 inse,-

133 930 234 1002 rendi
264 931 363 1002 causa
387 953 432 1000 ex
456 929 569 1027 Belgis
593 931 820 1007 transierantz
869 929 934 1023 qui
961 951 1088 1000 omnes

130 1040 205 1112 sere
223 1043 262 1112 iis
287 1041 495 1113 nominibus
517 1042 702 1114 civitatum
724 1043 972 1135 appellantur,
989 1039 1087 1132 ,qui-

132 1151 200 1223 bua
220 1153 290 1223 orti
308 1178 354 1224 ex
379 1152 578 1224 civitatibus
601 1176 646 1222 eo
664 1170 922 1244 pervenerunt,
949 1152 983 1225 8c
1007 1152 1086 1222 bel-

128 1259 285 1354 losillato
299 1260 349 1330 ibi
359 1259 620 1345 remanserunt,
640 1274 751 1352 atque
763 1281 860 1356 agros
872 1261 988 1330 colere
1001 1282 1085 1341 coe-

127 1387 272 1459 perunt.
303 1369 505 1441 Hominum
533 1367 583 1438 esi
604 1367 742 1438 infinita
763 1366 983 1452 multitudo,
1006 1390 1084 1437 cre·

130 1474 356 1569 berrimaque
366 1476 537 1562 aedificia,
550 1474 623 1547 fere
636 1473 776 1545 Gallicis
790 1474 982 1546 consimilia
995 1504 1001 1543 :
1020 1497 1084 1567 pe·

129 1604 255 1652 corum
285 1607 435 1680 magnus
467 1608 647 1657 numerus.
686 1583 844 1675 Utuntur
876 1600 997 1652 autem
1024 1605 1085 1652 ae·

127 1714 189 1777 re,
215 1709 278 1765 aut
309 1694 385 1764 talia
411 1692 551 1781 ferreis,
588 1693 635 1764 ad
663 1709 802 1763 certum
830 1689 976 1786 pondus
1003 1715 1084 1762 exa·

128 1803 288 1890 minatis,
310 1829 376 1897 pro
392 1829 552 1877 nummo.
577 1804 740 1877 Nascitur
756 1802 806 1874 ibi
820 1801 1017 1896 plumbum
1029 1801 1080 1877 al·
1124 1872 1127 1877 .

128 1910 219 1982 bum
239 1911 278 1982 in
299 1912 562 1985 mediterraneis
587 1911 812 2008 regionibus,
835 1911 874 1981 in
896 1908 1080 1981 maritimis

126 2019 278 2107 ferrum3
300 2021 361 2094 sed
375 2024 448 2094 eius
473 2024 600 2120 exigna
618 2022 668 2093 est
686 2021 803 2115 copia:
828 2045 907 2092 aere
924 2005 1077 2090 utuntur

125 2129 330 2222 importato.
360 2131 505 2203 Materia
523 2133 695 2223 cuiusque
711 2130 870 2226 generis,
889 2129 981 2202 utin
997 2127 1080 2198 Gal·

78 2326 81 2333 ·
124 2235 190 2321 lia,
207 2235 271 2323 est,
285 2251 428 2329 >praeter
443 2237 565 2334 fagum
578 2253 688 2329 atque
701 2237 865 2309 abietem.
883 2235 1076 2328 Leporem,

123 2343 157 2418 sc
168 2348 353 2443 gallinam,
374 2347 406 2420 sc
429 2349 586 2418 anserem
607 2349 756 2444 gustare,
776 2347 823 2418 faa
836 2368 912 2418 non
930 2362 1076 2440 putant:

123 2457 210 2528 haec
238 2475 359 2527 tamen
393 2458 495 2527 alunt
525 2456 636 2526 animi
669 2453 936 2548 voluptatisque
966 2456 1075 2526 causa
1111 2538 1113 2542 μ

121 2566 218 2638 Loca
235 2568 318 2638 sunt
334 2568 601 2661 temperatiora,
632 2591 742 2660 quam
757 2567 795 2635 in
810 2564 944 2654 Gallia,
959 2565 1077 2636 remis·

121 2673 271 2747 fioribus
286 2677 482 2774 frigoribus.
500 2676 614 2748 Insula
628 2694 752 2783 natura
764 2676 955 2768 triquetra,
973 2675 1073 2778 cuiue
1094 2701 1140 2776 13.
1259 2746 1262 2752 .

123 2810 241 2856 unum
271 2789 362 2857 latus
389 2787 438 2861 est
467 2806 589 2860 contra
616 2788 777 2859 Galliam.
820 2787 936 2858 Huius
959 2789 1072 2860 lateris

122 2895 209 2965 alter
234 2895 408 2990 angulus,
436 2896 500 2988 qui
530 2896 578 2965 est
606 2895 652 2966 ad
669 2892 864 2984 Cantium,
896 2922 972 2991 quo
998 2898 1070 2970 sere

123 3031 170 3076 ex
198 3005 310 3076 Gallia
338 3031 441 3078 naves
465 3011 713 3102 appellantur,
745 3009 791 3080 ad
818 3010 991 3082 orientem
1015 3013 1072 3082 so·

121 3118 214 3202 lem3
248 3115 392 3188 inferior
414 3118 460 3189 ad
492 3113 844 3214 meridiemspeiiat.
871 3121 951 3201 Hoc
977 3123 1070 3212 latua
1204 3145 1212 3177 1

121 3227 380 3316 tenetcirciter
404 3228 514 3300 millia
528 3226 687 3322 passuum
709 3250 745 3300 la
772 3227 936 3301 Alterum
959 3235 1071 3330 vergit

118 3338 167 3408 ad
188 3338 390 3430 Hispaniam
405 3356 515 3432 atque
530 3339 755 3412 occidentem
776 3340 912 3413 solem:
938 3367 1010 3436 qua
1023 3371 1069 3417 ex

119 3459 218 3535 parte
237 3444 286 3514 est
300 3445 491 3534 Hibernia,
517 3447 818 3536 dimidiominor,
846 3464 888 3519 ut
911 3449 1070 3523 aestima·
1170 3501 1176 3543 3

120 3569 197 3641 tur,
225 3580 334 3648 quarn
358 3555 558 3644 -Britannia3
583 3559 645 3630 sed
664 3561 738 3655 pari
758 3561 870 3655 spatio
893 3567 1069 3635 transmis-
1158 3551 1161 3556 ⁵
1218 3548 1220 3553 Ι

118 3658 198 3747 sus,
220 3682 329 3758 atque
346 3689 390 3737 ex
410 3665 543 3756 Gallia,
563 3667 612 3741 est
634 3669 671 3758 in
689 3669 924 3741 Britanniam..
938 3672 980 3743 In
996 3674 1066 3749 hoc

115 3769 353 3873 mediocrum
369 3778 424 3850 esi
442 3775 577 3883 insula,
603 3804 695 3875 quae
716 3783 914 3880 appellatur
937 3786 1063 3867 Monet
