2632 4426
450 332 684 423 LI'BJE'R
731 338 810 441 VI⁸¹
926 341 933 398 ·’
1031 364 1142 475 ι79·

142 499 240 599 rime
261 498 514 593 admirandum
538 501 750 590 videbatur,
779 504 882 597 quod
904 495 1110 595 Germani}

139 610 209 702 qui
227 633 272 679 eo
295 608 438 681 consilio
452 609 620 685 Rhenum
639 608 868 698 transierant,
889 632 931 684 ut
945 610 1100 684 Ambio}

24 726 27 733 '
143 712 322 815 rigis'fines
335 719 659 813 depopularentur,
679 718 725 790 ad
737 719 840 791 castra
853 719 1101 807 Romanorum

141 825 266 913 delati,
295 827 547 920 optatiffimum
572 824 770 925 Ambiorigi
793 827 1009 900 beneficium
1035 828 1126 908 obe.r

140 935 308 1005 tulerant.
337 935 476 1022 Caesar,
493 936 610 1007 rursus
628 938 676 1008 ad
694 940 875 1009 vexandos
896 939 1163 1033 hosteepr'ot'43

144 1037 278 1130 fedius,
298 1065 429 1147 magno
446 1039 568 1114 coatto
588 1064 744 1116 numero.
764 1069 809 1115 ex
829 1044 989 1118 finitimis
1016 1045 1104 1134 civi*
1147 1134 1149 1138 Α

143 1149 293 1238 tatibus,
323 1149 361 1220 in
388 1173 512 1218 omues
536 1167 650 1242 partes
674 1141 836 1246 dimittit.
878 1154 1018 1228 Omnes
1037 1155 1107 1226 vici

143 1276 256 1352 atque
278 1260 400 1330 omnia
419 1259 596 1346 aedificia,
619 1285 714 1352 quae
737 1263 892 1357 quisque
911 1266 1106 1360 conspexe·
1218 1324 1220 1331 .

53 1372 56 1377 ’
143 1387 222 1456 rat,
248 1367 557 1439 incendebantur:
593 1367 723 1461 praeda
751 1393 799 1440 ex
827 1371 995 1443 omnibus
1021 1372 1107 1444 locio
1177 1319 1311 1432 W

147 1481 336 1572 agebatur:
349 1479 540 1549 .frumenta
561 1501 638 1549 non
656 1480 772 1550 solum
790 1505 812 1550 a
830 1484 1109 1575 tantamultitu·
1227 1561 1243 1573 ,ι

145 1587 232 1659 dine
254 1586 497 1657 iumentorum
515 1602 624 1678 atque
640 1587 831 1658 hominum
850 1588 1109 1682 consumeban-

145 1713 227 1782 tur,
269 1696 461 1768 sedetiam
488 1695 763 1790 omnitempore
794 1711 905 1788 atque
931 1695 1110 1769 imbribus

148 1807 432 1900 procubuerant;
456 1824 521 1894 ut,
540 1807 565 1876 st
586 1805 650 1899 qui
671 1805 778 1876 etiam
805 1805 842 1874 in
863 1804 1054 1898 praesentia
1073 1809 1109 1879 se

151 1911 405 2002 occultarent,
443 1931 564 1986 tamen
585 1914 651 2000 iis,
677 1907 832 1984 dedudio
861 1911 1034 2002 exercitu,
1055 1938 1112 1996 te-

152 2045 236 2095 rum
258 2021 423 2092 omnium
447 2021 568 2116 inopia
592 2022 819 2115 pereundum
843 2021 1032 2096 videretur.
1056 2025 1111 2098 Ac

152 2130 253 2225 saepe
275 2131 314 2201 in
334 2157 418 2202 eum
442 2135 565 2203 locum
589 2149 740 2204 ventum
760 2131 828 2220 est,
852 2135 1009 2205 tantuin
1030 2138 1112 2207 oni·

152 2260 215 2312 nes
237 2259 351 2337 partes
370 2240 484 2314 diviso
509 2241 696 2335 equitatu,
719 2257 761 2312 ut
783 2244 897 2314 modo
921 2246 1034 2316 visum
1063 2249 1111 2319 ab
1219 2253 1221 2257 ’

66 2345 69 2349 ’
152 2353 188 2425 se
201 2348 508 2450 Ambiorigemin
526 2349 609 2448 fuga
631 2351 774 2447 captivi,
793 2376 860 2424 nec
875 2355 982 2446 plane
1002 2356 1111 2425 etiam

153 2463 258 2536 abiise
279 2490 325 2537 ex
345 2459 538 2559 conspediu
560 2462 838 2549 contenderent,
864 2482 922 2552 ut,
942 2466 1003 2558 spe
1025 2488 1111 2535 con·

154 2574 328 2668 sequendi
347 2577 464 2664 illata,
486 2564 760 2668 atque'infmito
782 2572 904 2643 labore
926 2575 1113 2668 suscepto,

153 2686 219 2780 qui
239 2686 272 2757 so
292 2687 468 2758 summam
491 2713 511 2757 a
530 2685 672 2757 Caesare
700 2685 846 2781 gratiam
870 2684 1020 2758 inituros
1044 2711 1116 2782 pu·
1206 2692 1209 2697 ’

153 2811 289 2881 tarent,
311 2819 426 2888 paene
451 2813 613 2866 naturam
650 2793 766 2866 studio
792 2794 996 2884 vincerent,
1023 2795 1116 2867 sern-

156 2923 295 2995 perque
315 2904 478 2994 paullum
501 2903 547 2972 ad
563 2903 739 2972 summam
763 2901 966 2973 felicitatem
988 2902 1115 2989 defuis·

154 3008 193 3087 se
213 3007 419 3095 videretur,
448 3027 557 3100 atque
580 3009 639 3078 ille
659 3005 798 3078 latebris
817 3031 856 3077 ac
873 3007 963 3080 filvir
983 3010 1138 3080 antrat·

158 3115 255 3187 tibus
269 3115 305 3185 se
323 3114 538 3207 eriperet,&
557 3109 669 3186 nediu
689 3116 885 3187 occultatus
904 3114 984 3186 alias
1001 3118 1116 3214 regio·

25 3229 31 3243 ‘
85 3294 90 3305 ,
157 3250 221 3299 nes
239 3247 428 3320 partesque
439 3239 591 3318 peteret,
604 3246 682 3295 uon
697 3224 829 3294 maiore
843 3225 1010 3317 equitum
1023 3252 1117 3322 prae·
1181 3237 1184 3245 '

157 3336 268 3423 sidio,
298 3360 406 3430 quam
428 3354 606 3429 quatuor,
628 3334 761 3428 quibus
784 3334 862 3404 solis
887 3337 995 3408 vitam
1016 3339 1115 3410 suam

160 3444 385 3516 committere
407 3443 574 3514 audebat.
614 3443 694 3515 Tali
713 3443 824 3515 modo
844 3445 979 3516 vastatis
1001 3449 1116 3545 regio·
1130 3464 1187 3535 44

81 3584 83 3591 ·
160 3551 297 3636 nibus,
336 3552 531 3621 exercitum
568 3545 690 3623 Caesar
722 3555 876 3630 duarum
910 3558 1117 3632 cohortium

154 3657 295 3729 ⁴damno
320 3657 609 3730 Durocortorum
637 3660 833 3733 Remorum
858 3661 1013 3755 reducit,
1034 3690 1122 3740 con·
1201 3716 1204 3721 -

159 3764 317 3863 cilioquo
336 3767 374 3837 in
388 3792 472 3840 eum
492 3770 614 3841 locum
635 3769 769 3842 Galliae
787 3765 946 3936 ἱιιῗίᾶὶο,
973 3769 1120 3849 de'con·

906 3891 928 3944 α
