<?xml version="1.0" encoding="UTF-8"?>
<!DOCTYPE html PUBLIC "-//W3C//DTD XHTML 1.0 Transitional//EN"
    "http://www.w3.org/TR/xhtml1/DTD/xhtml1-transitional.dtd">
<html xmlns="http://www.w3.org/1999/xhtml" xml:lang="en" lang="en">
 <head>
  <title>
</title>
<meta http-equiv="Content-Type" content="text/html;charset=utf-8" />
  <meta name='ocr-system' content='tesseract 3.04.00' />
  <meta name='ocr-capabilities' content='ocr_page ocr_carea ocr_par ocr_line ocrx_word'/>
</head>
<body>
  <div class='ocr_page' id='page_1' title='image "./ciuliicaesarisd00bipogoog_0270.png"; bbox 0 0 2632 4426; ppageno 0'>
   <div class='ocr_carea' id='block_1_1' title="bbox 419 325 1152 455">
    <p class='ocr_par' dir='ltr' id='par_1_1' title="bbox 419 325 1152 455">
     <span class='ocr_line' id='line_1_1' title="bbox 419 325 1152 455; baseline 0.009 -51.654"><span class='ocrx_word' id='word_1_1' title='bbox 419 325 968 412; x_wconf 74' lang='lat' dir='ltr'>sinuavi·</span> <span class='ocrx_word' id='word_1_2' title='bbox 1080 341 1152 455; x_wconf 70' lang='lat' dir='ltr'>&#39;si-5.</span> 
     </span>
    </p>
   </div>
   <div class='ocr_carea' id='block_1_2' title="bbox 135 443 1293 3865">
    <p class='ocr_par' dir='ltr' id='par_1_2' title="bbox 179 443 1275 1460">
     <span class='ocr_line' id='line_1_2' title="bbox 179 443 1212 601; baseline 0.009 -36.026"><span class='ocrx_word' id='word_1_3' title='bbox 179 443 338 580; x_wconf 84' lang='lat' dir='ltr'>Cicero,</span> <span class='ocrx_word' id='word_1_4' title='bbox 340 490 406 586; x_wconf 89' lang='lat' dir='ltr'>qui</span> <span class='ocrx_word' id='word_1_5' title='bbox 423 514 488 586; x_wconf 95' lang='grc' dir='ltr'>ρετ</span> <span class='ocrx_word' id='word_1_6' title='bbox 508 516 632 565; x_wconf 88' lang='lat' dir='ltr'>omnes</span> <span class='ocrx_word' id='word_1_7' title='bbox 651 493 845 588; x_wconf 80' lang='lat' dir='ltr'>superiores</span> <span class='ocrx_word' id='word_1_8' title='bbox 864 493 937 569; x_wconf 89' lang='lat' dir='ltr'>dies</span> <span class='ocrx_word' id='word_1_9' title='bbox 953 502 1148 596; x_wconf 73' lang='lat' dir='ltr'><strong>praeceptis</strong></span> <span class='ocrx_word' id='word_1_10' title='bbox 1162 506 1212 601; x_wconf 83' lang='lat'>36</span> 
     </span>
     <span class='ocr_line' id='line_1_3' title="bbox 190 601 1275 702; baseline 0.009 -28"><span class='ocrx_word' id='word_1_11' title='bbox 190 601 340 674; x_wconf 79' lang='lat' dir='ltr'>Caesaris</span> <span class='ocrx_word' id='word_1_12' title='bbox 360 601 500 675; x_wconf 86' lang='lat' dir='ltr'>summa</span> <span class='ocrx_word' id='word_1_13' title='bbox 518 603 701 702; x_wconf 83' lang='lat' dir='ltr'>diligentia</span> <span class='ocrx_word' id='word_1_14' title='bbox 724 606 878 677; x_wconf 82' lang='lat' dir='ltr'>milites</span> <span class='ocrx_word' id='word_1_15' title='bbox 869 631 906 678; x_wconf 94' lang='lat' dir='ltr'>in</span> <span class='ocrx_word' id='word_1_16' title='bbox 929 610 1039 680; x_wconf 81' lang='lat' dir='ltr'>castris</span> <span class='ocrx_word' id='word_1_17' title='bbox 1055 635 1146 684; x_wconf 89' lang='lat' dir='ltr'>con·</span> <span class='ocrx_word' id='word_1_18' title='bbox 1272 638 1275 646; x_wconf 93' lang='lat'><em>·</em></span> 
     </span>
     <span class='ocr_line' id='line_1_4' title="bbox 189 710 1146 816; baseline 0.009 -31"><span class='ocrx_word' id='word_1_19' title='bbox 189 710 372 801; x_wconf 85' lang='lat' dir='ltr'>t&#39;in&#39;uisset,</span> <span class='ocrx_word' id='word_1_20' title='bbox 405 735 445 784; x_wconf 83' lang='lat' dir='ltr'>ac</span> <span class='ocrx_word' id='word_1_21' title='bbox 473 738 520 784; x_wconf 89' lang='lat' dir='ltr'>ne</span> <span class='ocrx_word' id='word_1_22' title='bbox 546 718 712 787; x_wconf 83' lang='lat' dir='ltr'>calonem</span> <span class='ocrx_word' id='word_1_23' title='bbox 741 718 892 810; x_wconf 89' lang='lat' dir='ltr'>quidem</span> <span class='ocrx_word' id='word_1_24' title='bbox 922 745 1146 816; x_wconf 88' lang='lat' dir='ltr'>quemquam</span> 
     </span>
     <span class='ocr_line' id='line_1_5' title="bbox 190 821 1147 922; baseline 0.005 -27"><span class='ocrx_word' id='word_1_25' title='bbox 190 837 290 895; x_wconf 86' lang='lat' dir='ltr'>extra</span> <span class='ocrx_word' id='word_1_26' title='bbox 315 821 557 894; x_wconf 81' lang='lat' dir='ltr'>munitionem</span> <span class='ocrx_word' id='word_1_27' title='bbox 581 825 699 921; x_wconf 82' lang='lat' dir='ltr'>egredi</span> <span class='ocrx_word' id='word_1_28' title='bbox 720 824 831 919; x_wconf 84' lang='lat' dir='ltr'>passus</span> <span class='ocrx_word' id='word_1_29' title='bbox 857 825 962 915; x_wconf 84' lang='lat' dir='ltr'>esset,</span> <span class='ocrx_word' id='word_1_30' title='bbox 995 831 1147 922; x_wconf 81' lang='lat' dir='ltr'>septimo</span> 
     </span>
     <span class='ocr_line' id='line_1_6' title="bbox 189 927 1219 1020; baseline 0.01 -17"><span class='ocrx_word' id='word_1_31' title='bbox 189 927 249 1005; x_wconf 83' lang='lat' dir='ltr'>die</span> <span class='ocrx_word' id='word_1_32' title='bbox 269 933 458 1020; x_wconf 78' lang='lat' dir='ltr'>diffidens,</span> <span class='ocrx_word' id='word_1_33' title='bbox 487 933 534 1006; x_wconf 86' lang='lat' dir='ltr'>de</span> <span class='ocrx_word' id='word_1_34' title='bbox 558 957 711 1008; x_wconf 90' lang='lat' dir='ltr'>numero</span> <span class='ocrx_word' id='word_1_35' title='bbox 734 937 873 1008; x_wconf 86' lang='lat' dir='ltr'>dierum</span> <span class='ocrx_word' id='word_1_36' title='bbox 904 936 1083 1010; x_wconf 83' lang='lat' dir='ltr'>Caesarem</span> <span class='ocrx_word' id='word_1_37' title='bbox 1105 939 1148 1009; x_wconf 85' lang='lat' dir='ltr'>fi·</span> <span class='ocrx_word' id='word_1_38' title='bbox 1217 1005 1219 1013; x_wconf 28' lang='lat' dir='ltr'>i</span> 
     </span>
     <span class='ocr_line' id='line_1_7' title="bbox 189 1039 1147 1144; baseline 0.005 -32"><span class='ocrx_word' id='word_1_39' title='bbox 189 1039 277 1112; x_wconf 80' lang='lat' dir='ltr'>dem</span> <span class='ocrx_word' id='word_1_40' title='bbox 295 1041 532 1128; x_wconf 82' lang='lat' dir='ltr'>servaturum,</span> <span class='ocrx_word' id='word_1_41' title='bbox 551 1041 652 1133; x_wconf 94' lang='lat' dir='ltr'>quod</span> <span class='ocrx_word' id='word_1_42' title='bbox 673 1044 813 1138; x_wconf 87' lang='lat' dir='ltr'>longius</span> <span class='ocrx_word' id='word_1_43' title='bbox 829 1070 913 1116; x_wconf 89' lang='lat' dir='ltr'>euni</span> <span class='ocrx_word' id='word_1_44' title='bbox 930 1045 1147 1144; x_wconf 87' lang='lat' dir='ltr'>progressum</span> 
     </span>
     <span class='ocr_line' id='line_1_8' title="bbox 189 1148 1149 1242; baseline 0.006 -21"><span class='ocrx_word' id='word_1_45' title='bbox 189 1148 379 1237; x_wconf 80' lang='lat' dir='ltr'>audiebat,</span> <span class='ocrx_word' id='word_1_46' title='bbox 406 1173 528 1242; x_wconf 84' lang='lat' dir='ltr'>neque</span> <span class='ocrx_word' id='word_1_47' title='bbox 550 1152 622 1221; x_wconf 90' lang='lat' dir='ltr'>ulla</span> <span class='ocrx_word' id='word_1_48' title='bbox 645 1150 692 1221; x_wconf 91' lang='lat' dir='ltr'>de</span> <span class='ocrx_word' id='word_1_49' title='bbox 716 1151 792 1222; x_wconf 89' lang='lat' dir='ltr'>eius</span> <span class='ocrx_word' id='word_1_50' title='bbox 813 1155 932 1225; x_wconf 90' lang='lat' dir='ltr'>reditu</span> <span class='ocrx_word' id='word_1_51' title='bbox 953 1155 1045 1227; x_wconf 86' lang='lat' dir='ltr'>sama</span> <span class='ocrx_word' id='word_1_52' title='bbox 1061 1158 1149 1229; x_wconf 78' lang='lat' dir='ltr'>asle·</span> 
     </span>
     <span class='ocr_line' id='line_1_9' title="bbox 189 1257 1149 1355; baseline 0 -26"><span class='ocrx_word' id='word_1_53' title='bbox 189 1257 358 1335; x_wconf 70' lang='lat' dir='ltr'>rebaturi</span> <span class='ocrx_word' id='word_1_54' title='bbox 381 1257 491 1328; x_wconf 89' lang='lat' dir='ltr'>simul</span> <span class='ocrx_word' id='word_1_55' title='bbox 515 1281 641 1328; x_wconf 89' lang='lat' dir='ltr'>eorum</span> <span class='ocrx_word' id='word_1_56' title='bbox 665 1274 850 1350; x_wconf 87' lang='lat' dir='ltr'>permotus</span> <span class='ocrx_word' id='word_1_57' title='bbox 879 1261 1065 1347; x_wconf 84' lang='lat' dir='ltr'>vocibus,</span> <span class='ocrx_word' id='word_1_58' title='bbox 1083 1263 1149 1355; x_wconf 87' lang='lat' dir='ltr'>qui</span> 
     </span>
     <span class='ocr_line' id='line_1_10' title="bbox 189 1362 1148 1460; baseline 0.006 -28"><span class='ocrx_word' id='word_1_59' title='bbox 189 1362 283 1435; x_wconf 87' lang='lat' dir='ltr'>illius</span> <span class='ocrx_word' id='word_1_60' title='bbox 304 1364 512 1458; x_wconf 74' lang='lat' dir='ltr'>patientiam</span> <span class='ocrx_word' id='word_1_61' title='bbox 530 1387 645 1457; x_wconf 84' lang='lat' dir='ltr'>paene</span> <span class='ocrx_word' id='word_1_62' title='bbox 664 1364 894 1436; x_wconf 73' lang='lat' dir='ltr'>obsessionem</span> <span class='ocrx_word' id='word_1_63' title='bbox 906 1369 1148 1460; x_wconf 82' lang='lat' dir='ltr'>appellabant,</span> 
     </span>
    </p>

    <p class='ocr_par' dir='ltr' id='par_1_3' title="bbox 135 1472 1293 2660">
     <span class='ocr_line' id='line_1_11' title="bbox 175 1472 1293 1569; baseline 0.003 -27"><span class='ocrx_word' id='word_1_64' title='bbox 175 1474 216 1544; x_wconf 66' lang='lat' dir='ltr'>,fi</span> <span class='ocrx_word' id='word_1_65' title='bbox 231 1473 382 1567; x_wconf 86' lang='lat' dir='ltr'>quidem</span> <span class='ocrx_word' id='word_1_66' title='bbox 402 1497 451 1543; x_wconf 83' lang='lat' dir='ltr'>ex</span> <span class='ocrx_word' id='word_1_67' title='bbox 470 1472 722 1569; x_wconf 84' lang='lat' dir='ltr'>castrisegredi</span> <span class='ocrx_word' id='word_1_68' title='bbox 740 1495 816 1543; x_wconf 93' lang='lat' dir='ltr'>uon</span> <span class='ocrx_word' id='word_1_69' title='bbox 835 1473 977 1559; x_wconf 83' lang='lat' dir='ltr'>liceret3</span> <span class='ocrx_word' id='word_1_70' title='bbox 1004 1477 1147 1545; x_wconf 89' lang='lat' dir='ltr'>nullum</span> <span class='ocrx_word' id='word_1_71' title='bbox 1292 1564 1293 1568; x_wconf 7' lang='grc' dir='ltr'><strong>Ἰ</strong></span> 
     </span>
     <span class='ocr_line' id='line_1_12' title="bbox 191 1579 1289 1679; baseline 0.001 -22"><span class='ocrx_word' id='word_1_72' title='bbox 191 1579 728 1676; x_wconf 73' lang='lat' dir='ltr'>eiusmodicasumexspeslans,</span> <span class='ocrx_word' id='word_1_73' title='bbox 750 1608 846 1677; x_wconf 89' lang='lat' dir='ltr'>qun,</span> <span class='ocrx_word' id='word_1_74' title='bbox 861 1609 992 1670; x_wconf 86' lang='lat' dir='ltr'>novem</span> <span class='ocrx_word' id='word_1_75' title='bbox 1007 1587 1149 1679; x_wconf 88' lang='lat' dir='ltr'>opposi-</span> <span class='ocrx_word' id='word_1_76' title='bbox 1250 1662 1254 1668; x_wconf 69' lang='grc'><em>,</em></span> <span class='ocrx_word' id='word_1_77' title='bbox 1284 1640 1289 1650; x_wconf 84' lang='grc'>.</span> 
     </span>
     <span class='ocr_line' id='line_1_13' title="bbox 191 1690 1173 1789; baseline 0.001 -26"><span class='ocrx_word' id='word_1_78' title='bbox 191 1693 235 1763; x_wconf 90' lang='lat' dir='ltr'>tis</span> <span class='ocrx_word' id='word_1_79' title='bbox 250 1692 451 1789; x_wconf 84' lang='lat' dir='ltr'>legionibus</span> <span class='ocrx_word' id='word_1_80' title='bbox 471 1690 702 1783; x_wconf 88' lang='lat' dir='ltr'>maximoque</span> <span class='ocrx_word' id='word_1_81' title='bbox 714 1691 897 1783; x_wconf 90' lang='lat' dir='ltr'>equitatu,</span> <span class='ocrx_word' id='word_1_82' title='bbox 931 1692 1085 1786; x_wconf 79' lang='lat' dir='ltr'>dispersis</span> <span class='ocrx_word' id='word_1_83' title='bbox 1107 1717 1149 1764; x_wconf 83' lang='lat' dir='ltr'>ac</span> <span class='ocrx_word' id='word_1_84' title='bbox 1171 1769 1173 1774; x_wconf 63' lang='grc'><strong>,</strong></span> 
     </span>
     <span class='ocr_line' id='line_1_14' title="bbox 191 1801 1152 1985; baseline 0 -111"><span class='ocrx_word' id='word_1_85' title='bbox 191 1829 306 1900; x_wconf 86' lang='lat' dir='ltr'>paene</span> <span class='ocrx_word' id='word_1_86' title='bbox 321 1804 444 1874; x_wconf 89' lang='lat' dir='ltr'>deletis</span> <span class='ocrx_word' id='word_1_87' title='bbox 456 1801 631 1888; x_wconf 86' lang='lat' dir='ltr'>hostibus,</span> <span class='ocrx_word' id='word_1_88' title='bbox 642 1803 680 1871; x_wconf 91' lang='lat' dir='ltr'>in</span> <span class='ocrx_word' id='word_1_89' title='bbox 695 1801 1021 1896; x_wconf 85' lang='lat' dir='ltr'>millibuspassuum</span> <span class='ocrx_word' id='word_1_90' title='bbox 1039 1802 1152 1985; x_wconf 41' lang='lat'>11*</span> 
     </span>
     <span class='ocr_line' id='line_1_15' title="bbox 192 1904 1089 2004; baseline 0 -20"><span class='ocrx_word' id='word_1_91' title='bbox 192 1911 293 1984; x_wconf 84' lang='lat' dir='ltr'>fendi</span> <span class='ocrx_word' id='word_1_92' title='bbox 310 1910 443 2004; x_wconf 84' lang='lat' dir='ltr'>posset3</span> <span class='ocrx_word' id='word_1_93' title='bbox 466 1904 813 2003; x_wconf 74' lang='lat' dir='ltr'>quinque&#39;cohortes</span> <span class='ocrx_word' id='word_1_94' title='bbox 832 1911 1089 1989; x_wconf 85' lang='lat' dir='ltr'>frumentatum</span> 
     </span>
     <span class='ocr_line' id='line_1_16' title="bbox 190 2016 1171 2127; baseline 0.003 -37"><span class='ocrx_word' id='word_1_95' title='bbox 190 2020 371 2116; x_wconf 83' lang='lat' dir='ltr'>proximas</span> <span class='ocrx_word' id='word_1_96' title='bbox 390 2017 520 2114; x_wconf 85' lang='lat' dir='ltr'>segetes</span> <span class='ocrx_word' id='word_1_97' title='bbox 539 2016 652 2108; x_wconf 89' lang='lat' dir='ltr'>misit,</span> <span class='ocrx_word' id='word_1_98' title='bbox 673 2042 758 2110; x_wconf 86' lang='lat' dir='ltr'>quas</span> <span class='ocrx_word' id='word_1_99' title='bbox 778 2017 1036 2092; x_wconf 63' lang='lat' dir='ltr'>intersertos</span> <span class='ocrx_word' id='word_1_100' title='bbox 1055 2043 1171 2127; x_wconf 81' lang='lat' dir='ltr'>unus</span> 
     </span>
     <span class='ocr_line' id='line_1_17' title="bbox 189 2127 1157 2222; baseline -0.001 -20"><span class='ocrx_word' id='word_1_101' title='bbox 189 2130 342 2202; x_wconf 86' lang='lat' dir='ltr'>omnino</span> <span class='ocrx_word' id='word_1_102' title='bbox 359 2127 490 2198; x_wconf 88' lang='lat' dir='ltr'>collis</span> <span class='ocrx_word' id='word_1_103' title='bbox 482 2142 655 2196; x_wconf 77' lang='lat' dir='ltr'>intererat.</span> <span class='ocrx_word' id='word_1_104' title='bbox 685 2128 902 2222; x_wconf 68' lang='lat' dir='ltr'>Complures</span> <span class='ocrx_word' id='word_1_105' title='bbox 921 2147 1020 2200; x_wconf 86' lang='lat' dir='ltr'>erant</span> <span class='ocrx_word' id='word_1_106' title='bbox 1036 2130 1078 2202; x_wconf 89' lang='lat' dir='ltr'>in</span> <span class='ocrx_word' id='word_1_107' title='bbox 1091 2151 1157 2201; x_wconf 58' lang='grc' dir='ltr'>σαι</span> 
     </span>
     <span class='ocr_line' id='line_1_18' title="bbox 190 2231 1212 2335; baseline 0 -23"><span class='ocrx_word' id='word_1_108' title='bbox 190 2240 263 2313; x_wconf 81' lang='lat' dir='ltr'>sins</span> <span class='ocrx_word' id='word_1_109' title='bbox 290 2263 336 2310; x_wconf 85' lang='lat' dir='ltr'>ex</span> <span class='ocrx_word' id='word_1_110' title='bbox 361 2236 562 2333; x_wconf 75' lang='lat' dir='ltr'>legionibus</span> <span class='ocrx_word' id='word_1_111' title='bbox 583 2236 677 2332; x_wconf 85' lang='lat' dir='ltr'>aegri</span> <span class='ocrx_word' id='word_1_112' title='bbox 700 2231 832 2324; x_wconf 68' lang='lat' dir='ltr'>relidi3</span> <span class='ocrx_word' id='word_1_113' title='bbox 860 2261 905 2320; x_wconf 81' lang='lat' dir='ltr'>ex</span> <span class='ocrx_word' id='word_1_114' title='bbox 931 2239 1066 2331; x_wconf 85' lang='lat' dir='ltr'>quibus</span> <span class='ocrx_word' id='word_1_115' title='bbox 1082 2241 1148 2335; x_wconf 90' lang='lat' dir='ltr'>qui</span> <span class='ocrx_word' id='word_1_116' title='bbox 1210 2251 1212 2256; x_wconf 81' lang='grc'>’</span> 
     </span>
     <span class='ocr_line' id='line_1_19' title="bbox 135 2346 1145 2442; baseline -0.002 -20"><span class='ocrx_word' id='word_1_117' title='bbox 135 2379 158 2412; x_wconf 71' lang='lat'>1</span> <span class='ocrx_word' id='word_1_118' title='bbox 190 2351 261 2422; x_wconf 85' lang='lat' dir='ltr'>hoc</span> <span class='ocrx_word' id='word_1_119' title='bbox 273 2348 385 2442; x_wconf 90' lang='lat' dir='ltr'>spatio</span> <span class='ocrx_word' id='word_1_120' title='bbox 398 2347 539 2418; x_wconf 85' lang='lat' dir='ltr'>dierum</span> <span class='ocrx_word' id='word_1_121' title='bbox 551 2347 827 2434; x_wconf 84' lang='lat' dir='ltr'>convaluerant,</span> <span class='ocrx_word' id='word_1_122' title='bbox 844 2346 979 2418; x_wconf 76' lang='lat' dir='ltr'>circiter</span> <span class='ocrx_word' id='word_1_123' title='bbox 996 2366 1062 2418; x_wconf 83' lang='lat' dir='ltr'>ccc</span> <span class='ocrx_word' id='word_1_124' title='bbox 1080 2349 1145 2422; x_wconf 91' lang='lat' dir='ltr'>sub</span> 
     </span>
     <span class='ocr_line' id='line_1_20' title="bbox 190 2458 1146 2553; baseline -0.002 -23"><span class='ocrx_word' id='word_1_125' title='bbox 190 2458 324 2530; x_wconf 89' lang='lat' dir='ltr'>vexillo</span> <span class='ocrx_word' id='word_1_126' title='bbox 342 2483 416 2528; x_wconf 90' lang='lat' dir='ltr'>una</span> <span class='ocrx_word' id='word_1_127' title='bbox 438 2458 654 2527; x_wconf 85' lang='lat' dir='ltr'>mittuntur:</span> <span class='ocrx_word' id='word_1_128' title='bbox 681 2479 808 2553; x_wconf 84' lang='lat' dir='ltr'>magna</span> <span class='ocrx_word' id='word_1_129' title='bbox 828 2475 1007 2550; x_wconf 83' lang='lat' dir='ltr'>praeterea</span> <span class='ocrx_word' id='word_1_130' title='bbox 1027 2459 1146 2530; x_wconf 83' lang='lat' dir='ltr'>musti·</span> 
     </span>
     <span class='ocr_line' id='line_1_21' title="bbox 192 2560 1147 2660; baseline 0 -24"><span class='ocrx_word' id='word_1_131' title='bbox 192 2563 284 2636; x_wconf 86' lang='lat' dir='ltr'>tudo</span> <span class='ocrx_word' id='word_1_132' title='bbox 304 2567 499 2651; x_wconf 82' lang='lat' dir='ltr'>calonum,</span> <span class='ocrx_word' id='word_1_133' title='bbox 525 2585 652 2660; x_wconf 84' lang='lat' dir='ltr'>magna</span> <span class='ocrx_word' id='word_1_134' title='bbox 678 2563 729 2633; x_wconf 85' lang='lat' dir='ltr'>vis</span> <span class='ocrx_word' id='word_1_135' title='bbox 755 2560 1030 2653; x_wconf 79' lang='lat' dir='ltr'>iumentorum,</span> <span class='ocrx_word' id='word_1_136' title='bbox 1054 2587 1147 2656; x_wconf 85' lang='lat' dir='ltr'>quae</span> 
     </span>
    </p>

    <p class='ocr_par' dir='ltr' id='par_1_4' title="bbox 151 2663 1260 3865">
     <span class='ocr_line' id='line_1_22' title="bbox 151 2663 1147 2772; baseline 0 -30"><span class='ocrx_word' id='word_1_137' title='bbox 151 2683 155 2687; x_wconf 84' lang='grc'>’</span> <span class='ocrx_word' id='word_1_138' title='bbox 192 2673 370 2745; x_wconf 83' lang='lat' dir='ltr'>incastris</span> <span class='ocrx_word' id='word_1_139' title='bbox 399 2671 622 2758; x_wconf 86' lang='lat' dir='ltr'>subsederat,</span> <span class='ocrx_word' id='word_1_140' title='bbox 647 2663 735 2743; x_wconf 66' lang='lat' dir='ltr'>fasir</span> <span class='ocrx_word' id='word_1_141' title='bbox 758 2669 953 2772; x_wconf 74' lang='lat' dir='ltr'>potestate,</span> <span class='ocrx_word' id='word_1_142' title='bbox 977 2668 1147 2763; x_wconf 88' lang='lat' dir='ltr'>sequitur.</span> 
     </span>
     <span class='ocr_line' id='line_1_23' title="bbox 192 2783 1212 2888; baseline 0 -34"><span class='ocrx_word' id='word_1_143' title='bbox 192 2783 274 2855; x_wconf 89' lang='lat' dir='ltr'>Hoc</span> <span class='ocrx_word' id='word_1_144' title='bbox 295 2784 372 2877; x_wconf 91' lang='lat' dir='ltr'>ipso</span> <span class='ocrx_word' id='word_1_145' title='bbox 393 2800 556 2877; x_wconf 86' lang='lat' dir='ltr'>tempore</span> <span class='ocrx_word' id='word_1_146' title='bbox 579 2784 659 2855; x_wconf 83' lang='lat' dir='ltr'>taso</span> <span class='ocrx_word' id='word_1_147' title='bbox 689 2783 856 2882; x_wconf 82' lang='lat' dir='ltr'>Germani</span> <span class='ocrx_word' id='word_1_148' title='bbox 880 2785 1016 2876; x_wconf 88' lang='lat' dir='ltr'>equites</span> <span class='ocrx_word' id='word_1_149' title='bbox 1038 2785 1147 2869; x_wconf 80' lang='lat' dir='ltr'>inter·</span> <span class='ocrx_word' id='word_1_150' title='bbox 1165 2807 1212 2888; x_wconf 81' lang='lat'>37</span> 
     </span>
     <span class='ocr_line' id='line_1_24' title="bbox 190 2890 1148 2984; baseline 0 -22"><span class='ocrx_word' id='word_1_151' title='bbox 190 2893 362 2977; x_wconf 87' lang='lat' dir='ltr'>veniunt,</span> <span class='ocrx_word' id='word_1_152' title='bbox 382 2893 628 2984; x_wconf 29' lang='lat' dir='ltr'>&#39;protinusque</span> <span class='ocrx_word' id='word_1_153' title='bbox 659 2890 788 2962; x_wconf 88' lang='lat' dir='ltr'>eodem</span> <span class='ocrx_word' id='word_1_154' title='bbox 817 2893 902 2979; x_wconf 90' lang='lat' dir='ltr'>illo,</span> <span class='ocrx_word' id='word_1_155' title='bbox 929 2914 1007 2984; x_wconf 91' lang='lat' dir='ltr'>quo</span> <span class='ocrx_word' id='word_1_156' title='bbox 1038 2912 1148 2962; x_wconf 85' lang='lat' dir='ltr'>vene·</span> 
     </span>
     <span class='ocr_line' id='line_1_25' title="bbox 191 3000 1148 3094; baseline 0.003 -25"><span class='ocrx_word' id='word_1_157' title='bbox 191 3015 271 3070; x_wconf 89' lang='lat' dir='ltr'>rant</span> <span class='ocrx_word' id='word_1_158' title='bbox 281 3018 302 3087; x_wconf 85' lang='lat'>,·</span> <span class='ocrx_word' id='word_1_159' title='bbox 312 3001 415 3070; x_wconf 88' lang='lat' dir='ltr'>cursu</span> <span class='ocrx_word' id='word_1_160' title='bbox 435 3001 481 3071; x_wconf 86' lang='lat' dir='ltr'>ab</span> <span class='ocrx_word' id='word_1_161' title='bbox 496 3002 691 3073; x_wconf 87' lang='lat' dir='ltr'>decumana</span> <span class='ocrx_word' id='word_1_162' title='bbox 713 3017 816 3094; x_wconf 85' lang='lat' dir='ltr'>porta</span> <span class='ocrx_word' id='word_1_163' title='bbox 834 3000 873 3070; x_wconf 90' lang='lat' dir='ltr'>in</span> <span class='ocrx_word' id='word_1_164' title='bbox 893 3000 997 3071; x_wconf 82' lang='lat' dir='ltr'>castra</span> <span class='ocrx_word' id='word_1_165' title='bbox 1018 3000 1148 3072; x_wconf 85' lang='lat' dir='ltr'>irioni·</span> 
     </span>
     <span class='ocr_line' id='line_1_26' title="bbox 191 3101 1260 3205; baseline -0.001 -26"><span class='ocrx_word' id='word_1_166' title='bbox 191 3134 276 3204; x_wconf 87' lang='lat' dir='ltr'>pere</span> <span class='ocrx_word' id='word_1_167' title='bbox 295 3126 489 3180; x_wconf 87' lang='lat' dir='ltr'>conantur:</span> <span class='ocrx_word' id='word_1_168' title='bbox 511 3133 579 3182; x_wconf 86' lang='lat' dir='ltr'>nec</span> <span class='ocrx_word' id='word_1_169' title='bbox 601 3111 698 3205; x_wconf 90' lang='lat' dir='ltr'>prius</span> <span class='ocrx_word' id='word_1_170' title='bbox 721 3109 804 3179; x_wconf 90' lang='lat' dir='ltr'>sunt</span> <span class='ocrx_word' id='word_1_171' title='bbox 823 3109 904 3196; x_wconf 88' lang='lat' dir='ltr'>visi,</span> <span class='ocrx_word' id='word_1_172' title='bbox 933 3103 1078 3179; x_wconf 68' lang='lat' dir='ltr'>obsessis</span> <span class='ocrx_word' id='word_1_173' title='bbox 1098 3108 1146 3178; x_wconf 92' lang='lat' dir='ltr'>ab</span> <span class='ocrx_word' id='word_1_174' title='bbox 1255 3101 1260 3109; x_wconf 72' lang='grc'><strong>’</strong></span> 
     </span>
     <span class='ocr_line' id='line_1_27' title="bbox 191 3217 1147 3312; baseline -0.004 -22"><span class='ocrx_word' id='word_1_175' title='bbox 191 3244 231 3290; x_wconf 88' lang='lat' dir='ltr'>ea</span> <span class='ocrx_word' id='word_1_176' title='bbox 256 3236 356 3311; x_wconf 88' lang='lat' dir='ltr'>parte</span> <span class='ocrx_word' id='word_1_177' title='bbox 383 3219 494 3308; x_wconf 86' lang='lat' dir='ltr'>silvis,</span> <span class='ocrx_word' id='word_1_178' title='bbox 524 3243 635 3312; x_wconf 89' lang='lat' dir='ltr'>qnam</span> <span class='ocrx_word' id='word_1_179' title='bbox 649 3217 772 3303; x_wconf 70' lang='lat' dir='ltr'>¹rosiris</span> <span class='ocrx_word' id='word_1_180' title='bbox 794 3218 1147 3312; x_wconf 84' lang='lat' dir='ltr'>appropinquarent,</span> 
     </span>
     <span class='ocr_line' id='line_1_28' title="bbox 188 3328 1150 3423; baseline 0.001 -24"><span class='ocrx_word' id='word_1_181' title='bbox 188 3352 304 3422; x_wconf 89' lang='lat' dir='ltr'>usque</span> <span class='ocrx_word' id='word_1_182' title='bbox 324 3352 387 3414; x_wconf 90' lang='lat' dir='ltr'>eo,</span> <span class='ocrx_word' id='word_1_183' title='bbox 409 3347 473 3417; x_wconf 96' lang='lat' dir='ltr'>ut,</span> <span class='ocrx_word' id='word_1_184' title='bbox 510 3332 575 3423; x_wconf 90' lang='lat' dir='ltr'>qui</span> <span class='ocrx_word' id='word_1_185' title='bbox 597 3328 662 3401; x_wconf 88' lang='lat' dir='ltr'>snb</span> <span class='ocrx_word' id='word_1_186' title='bbox 688 3331 781 3400; x_wconf 83' lang='lat' dir='ltr'>vallo</span> <span class='ocrx_word' id='word_1_187' title='bbox 803 3330 993 3399; x_wconf 85' lang='lat' dir='ltr'>tenderent</span> <span class='ocrx_word' id='word_1_188' title='bbox 1016 3352 1150 3400; x_wconf 83' lang='lat' dir='ltr'>merca·</span> 
     </span>
     <span class='ocr_line' id='line_1_29' title="bbox 190 3436 1236 3536; baseline 0 -27"><span class='ocrx_word' id='word_1_189' title='bbox 190 3456 301 3524; x_wconf 83' lang='lat' dir='ltr'>tores,</span> <span class='ocrx_word' id='word_1_190' title='bbox 327 3436 522 3534; x_wconf 85' lang='lat' dir='ltr'>recipiendi</span> <span class='ocrx_word' id='word_1_191' title='bbox 550 3439 604 3510; x_wconf 91' lang='lat' dir='ltr'>sui</span> <span class='ocrx_word' id='word_1_192' title='bbox 632 3438 837 3512; x_wconf 88' lang='lat' dir='ltr'>facultatem</span> <span class='ocrx_word' id='word_1_193' title='bbox 862 3436 1149 3536; x_wconf 34' lang='lat' dir='ltr'>nondltaberent,</span> <span class='ocrx_word' id='word_1_194' title='bbox 1233 3454 1236 3458; x_wconf 78' lang='grc'><strong>’</strong></span> 
     </span>
     <span class='ocr_line' id='line_1_30' title="bbox 190 3541 1147 3643; baseline 0.001 -25"><span class='ocrx_word' id='word_1_195' title='bbox 190 3546 420 3641; x_wconf 78' lang='lat' dir='ltr'>inopinantes</span> <span class='ocrx_word' id='word_1_196' title='bbox 441 3550 548 3621; x_wconf 84' lang='lat' dir='ltr'>nostri</span> <span class='ocrx_word' id='word_1_197' title='bbox 569 3574 606 3621; x_wconf 85' lang='lat' dir='ltr'>re</span> <span class='ocrx_word' id='word_1_198' title='bbox 628 3574 721 3636; x_wconf 90' lang='lat' dir='ltr'>nova</span> <span class='ocrx_word' id='word_1_199' title='bbox 743 3550 1067 3643; x_wconf 87' lang='lat' dir='ltr'>perturbantur,ac</span> <span class='ocrx_word' id='word_1_200' title='bbox 1084 3541 1147 3619; x_wconf 73' lang='lat' dir='ltr'>vis</span> 
     </span>
     <span class='ocr_line' id='line_1_31' title="bbox 190 3657 1146 3754; baseline 0.001 -29"><span class='ocrx_word' id='word_1_201' title='bbox 190 3657 348 3752; x_wconf 86' lang='lat' dir='ltr'>primum</span> <span class='ocrx_word' id='word_1_202' title='bbox 380 3661 558 3754; x_wconf 90' lang='lat' dir='ltr'>impetum</span> <span class='ocrx_word' id='word_1_203' title='bbox 589 3662 716 3733; x_wconf 89' lang='lat' dir='ltr'>cohors</span> <span class='ocrx_word' id='word_1_204' title='bbox 747 3663 784 3730; x_wconf 90' lang='lat' dir='ltr'>iii</span> <span class='ocrx_word' id='word_1_205' title='bbox 819 3660 966 3730; x_wconf 86' lang='lat' dir='ltr'>statione</span> <span class='ocrx_word' id='word_1_206' title='bbox 994 3658 1146 3733; x_wconf 82' lang='lat' dir='ltr'>sustinet.</span> 
     </span>
     <span class='ocr_line' id='line_1_32' title="bbox 171 3766 1205 3865; baseline 0.011 -27"><span class='ocrx_word' id='word_1_207' title='bbox 171 3766 541 3844; x_wconf 66' lang='lat' dir='ltr'>circumfunduntur</span> <span class='ocrx_word' id='word_1_208' title='bbox 559 3771 674 3848; x_wconf 72' lang='lat' dir='ltr'>hones</span> <span class='ocrx_word' id='word_1_209' title='bbox 696 3795 742 3863; x_wconf 79' lang='lat' dir='ltr'>ex</span> <span class='ocrx_word' id='word_1_210' title='bbox 759 3771 908 3865; x_wconf 85' lang='lat' dir='ltr'>reliquis</span> <span class='ocrx_word' id='word_1_211' title='bbox 922 3768 1103 3864; x_wconf 79' lang='lat' dir='ltr'>partibus,</span> <span class='ocrx_word' id='word_1_212' title='bbox 1119 3767 1152 3844; x_wconf 78' lang='lat' dir='ltr'>si.</span> <span class='ocrx_word' id='word_1_213' title='bbox 1163 3817 1205 3852; x_wconf 52' lang='lat' dir='ltr'>{m</span> 
     </span>
    </p>
   </div>
   <div class='ocr_carea' id='block_1_3' title="bbox 0 0 1323 4426">
    <p class='ocr_par' dir='ltr' id='par_1_5' title="bbox 0 0 1323 4426">
     <span class='ocr_line' id='line_1_33' title="bbox 0 0 1323 4426; baseline 0 0"><span class='ocrx_word' id='word_1_214' title='bbox 0 0 1323 4426; x_wconf 95' lang='lat' dir='ltr'> </span> 
     </span>
    </p>
   </div>
  </div>
 </body>
</html>
