2632 4426
261 336 337 421 ψ
429 321 506 399 ns
542 321 741 403 arcto
779 319 1055 406 carasco

220 573 223 580 ¹
261 473 519 566 succumbant:
557 490 723 561 omnium
754 489 981 584 superiorum
1020 491 1230 566 dimicatio·

260 624 353 672 num
377 597 537 674 studium
559 603 598 672 in
622 627 666 673 eo
690 601 749 672 die
770 619 879 694 atque
903 604 989 675 hora
1009 603 1116 679 docet
1141 630 1230 680 con·

239 709 382 816 xsistere.
414 711 617 797 Interiores,
652 709 838 803 desperatis
864 715 1115 806 campestribus
1133 717 1227 801 locis

260 836 410 917 propter
423 820 707 917 magnitudinem
730 822 1004 912 munitionum,
1029 826 1106 896 loca
1120 850 1225 918 prae·

260 945 367 1021 rupta
383 953 434 1025 ex
449 926 616 998 adscensu
639 941 796 998 tentante
824 930 896 1000 huc
919 957 978 1018 ea,
1003 958 1096 1025 quae
1121 960 1225 1028 para·

257 1053 402 1124 verant,
416 1034 606 1106 conferunt
619 1064 627 1106 :
653 1036 889 1110 multitudine
913 1043 1068 1114 telorum
1085 1067 1130 1114 ex
1143 1062 1223 1128 tur,-

257 1142 356 1214 ribus
374 1159 642 1240 propugnantes
666 1146 878 1218 deturbant:
918 1154 1095 1249 aggere&
1118 1154 1225 1224 crati·

204 1287 207 1300 ⁴
259 1249 450 1323 bursellas
483 1254 652 1345 explent,
683 1255 797 1330 aditus
820 1258 1039 1351 expediunt:
1069 1261 1223 1335 falcibus

168 1403 172 1411 ·
194 1360 242 1459 87
260 1364 394 1433 vallum
409 1385 449 1432 ac
470 1363 614 1435 loricam
636 1363 850 1437 rescindunt.
873 1366 996 1438 Caesar
1019 1371 1130 1440 mittit
1143 1373 1242 1465 pria⁴

258 1494 322 1542 mo
342 1471 492 1542 Brutum
513 1472 774 1546 adolescentem
795 1499 878 1554 cum
913 1479 1124 1550 cohortibus
1148 1500 1220 1570 vt,

255 1582 337 1678 post
360 1606 446 1652 cum
465 1579 538 1650 aliis
560 1598 617 1652 v11
642 1582 679 1652 C.
700 1582 851 1656 Fabium
874 1588 1056 1683 legatum:
1078 1584 1219 1684 postre-

257 1719 322 1766 mo
341 1693 438 1788 ipse,
469 1716 554 1765 cum
572 1693 816 1764 vehementius
841 1715 1059 1793 pugnaretur
1078 1751 1090 1788 ,
1120 1702 1219 1774 inte-

256 1827 336 1904 gros
364 1803 519 1874 subsidio
548 1801 707 1873 adducit.
735 1802 912 1877 Restituto
935 1810 1074 1900 proelio
1097 1834 1137 1880 ac
1160 1838 1219 1883 re-

255 1915 362 2010 pulsrs
376 1913 553 1999 hostibus,
573 1937 639 2000 eo,
654 1938 730 2006 quo
746 1913 947 1988 Labienum
966 1917 1119 2002 miserat,
1131 1944 1218 1994 con·

256 2026 390 2112 tendit3
416 2027 576 2095 cohortes
595 2044 641 2096 lv
655 2049 699 2095 ex
710 2025 879 2117 proximo
890 2027 1029 2099 castello
1043 2028 1215 2119 deducit3

257 2138 426 2232 equitum
447 2136 481 2206 se
500 2152 637 2228 partem
661 2134 943 2229 sequi,‚partem
960 2137 1144 2209 circumire
1157 2164 1217 2214 ert·

255 2251 402 2323 teriores
426 2248 667 2337 munitiones,
693 2250 726 2323 8t
755 2251 800 2321 ab
821 2249 921 2346 te‘rgo
947 2249 1059 2322 hostes
1083 2253 1216 2325 adoriri

256 2361 368 2432 iubet.
394 2358 596 2445 Labienus,
620 2360 807 2452 postquam
824 2385 945 2453 neque
964 2386 1125 2459 aggeres,
1150 2389 1215 2435 ne·

255 2496 330 2564 que
349 2469 451 2540 sollae
471 2471 546 2541 vim
567 2469 720 2540 hostium
740 2468 905 2540 sustinere
923 2486 1111 2564 poterant,
1129 2497 1216 2546 coa·

254 2582 318 2655 elis
337 2581 669 2679 undequadraginta
697 2565 926 2670 cohortibus,
948 2608 1034 2676 quas
1061 2608 1108 2655 ex
1130 2610 1214 2677 pro·

254 2695 360 2768 ximis
379 2695 553 2789 praesidiis
572 2689 738 2765 deduslas
762 2694 831 2766 fors
854 2696 1007 2783 obtulit,
1029 2697 1212 2772 Caesarem

255 2831 321 2901 per
330 2808 476 2878 nuntios
489 2806 572 2876 facit
581 2804 790 2893 certiorem,
809 2805 898 2898 quid
911 2804 1120 2879 faciundum
1135 2809 1215 2878 exi·

189 2920 238 3003 88
256 2919 381 2991 stimet.
399 2917 579 2990 Accelerat
596 2917 738 3001 Caesar,
759 2932 800 2986 ut
812 2917 950 3009 proelio
963 2917 1104 2988 interfit.
1124 2917 1219 2992 Eius·

129 3114 131 3118 v
253 3027 412 3100 adventu
437 3052 483 3098 ex
501 3030 622 3097 colore
647 3025 789 3097 vestitus
813 3025 978 3126 cognito,
1003 3029 1214 3129 (quokinfi.

252 3139 315 3238 gni
326 3139 364 3210 in
381 3137 522 3232 proeliis
538 3138 592 3206 uti
606 3136 880 3230 consueverat,)
897 3137 1095 3231 turmisque
1113 3142 1216 3234 equi·

253 3264 334 3321 tum
358 3250 390 3323 8c
419 3246 625 3319 cohortibus
644 3247 741 3332 vifis,
765 3258 851 3339 quas
872 3246 906 3317 se
927 3246 1029 3340 sequi
1053 3248 1209 3337 iullerat,

148 3361 152 3369 '
252 3370 297 3424 ut
317 3355 365 3426 de
378 3356 463 3427 locis
482 3353 721 3447 superioribus
745 3355 831 3425 haec
853 3353 1004 3428 declivia
1023 3356 1210 3430 &devexa
1233 3356 1238 3375 ⁸

253 3471 503 3557 cernebantur,
514 3468 627 3538 hostes
635 3468 812 3561 proelium
823 3472 1066 3541 committunt.
1079 3468 1216 3539 Utrim-

254 3605 329 3675 que
346 3580 500 3649 clamore
523 3577 679 3663 sublato,
699 3579 832 3671 excipit
850 3578 967 3649 rursus
988 3599 1032 3647 ex
1049 3579 1142 3648 vallo
1155 3594 1223 3655 ate,

253 3690 506 3797 queomnibus
519 3686 938 3780 munitionibusclamor.
955 3686 1092 3771 Nostri,
1109 3688 1213 3759 omis·

254 3801 295 3873 hs
317 3799 414 3896 pilis,
445 3799 565 3897 gladiis
588 3822 666 3889 rem
692 3815 831 3898 gerunt.
857 3797 1018 3893 Repente
1040 3799 1119 3891 post
1141 3814 1219 3870 tera
