2632 4426
206 341 282 445 ’qt
389 336 461 413 uu
505 338 698 415 uuuro
732 341 987 419 cantico

164 506 166 513 '
208 500 321 575 dum:
343 499 419 593 ipse
444 500 576 575 veritus
600 500 761 591 infidias,
791 488 1178 582 ne'forte'in'eodem·
1193 522 1238 557 ‘²'

208 611 292 683 loco
325 607 504 685 subsrllere
532 612 663 701 boll-is,
688 626 803 707 atque
825 616 950 687 elicere
970 617 1107 689 nostros
1131 619 1170 689 in

207 718 334 805 lotum
353 736 540 795 conaretur
558 719 746 813 iniquum,
773 722 905 795 tardius
925 725 1101 819 procedit.
1126 726 1176 797 E·-

209 831 329 925 quites
347 854 433 899 curn
459 829 588 901 intrare
615 828 813 903 fumum&
835 830 1018 911 flammam
1045 834 1173 907 denus

209 938 334 1011 simam
365 937 577 1024 timerent3'
596 961 661 1026 ae,
691 938 804 1032 srqui
822 940 989 1035 cupidius
1017 943 1175 1017 intrave-

210 1066 309 1137 rant,
329 1048 392 1119 vix
405 1049 552 1121 suorum
573 1048 638 1143 iplr
660 1050 796 1142 priores
810 1068 931 1143 partee
945 1046 1207 1126 adverterent*

211 1183 413 1255 equorum3
433 1155 571 1229 infidias
588 1156 717 1244 veriti,
736 1157 887 1231 bberam
899 1159 1106 1235 facultatem
1118 1161 1174 1235 sur

211 1269 406 1395 reeipiepdi
432 1266 623 1339 Bellovacis
643 1265 832 1340 dederunt.
855 1270 1040 1369 luinge,
1061 1274 1175 1345 tirno·
1197 1310 1200 1315 ·
1226 1264 1229 1269 ’

213 1380 259 1453 ris
287 1379 391 1449 srmul
413 1372 685 1466 calliditatisque
709 1374 840 1467 plena,
861 1376 935 1447 fine
965 1380 1042 1450 ullo
1063 1380 1177 1451 detri-

212 1484 340 1559 mento
371 1485 483 1557 millia
511 1506 587 1555 non
620 1483 774 1577 amplius
798 1502 825 1553 x
846 1487 1010 1584 progrellr
1035 1489 1176 1580 hostes,
1202 1514 1212 1539 ·-

212 1601 297 1671 loco
316 1594 548 1667 munitiffimo
571 1591 676 1665 eastra
700 1592 907 1687 posuerunt.
939 1593 1060 1693 ¹lude,
1088 1625 1176 1673 cum

211 1709 315 1802 saepe
332 1709 370 1777 in
390 1703 520 1775 inlidiis
540 1703 680 1796 equites
699 1704 912 1797 peditesque
928 1705 1176 1801 disponerent,

212 1843 343 1917 magna
374 1814 590 1887 detrimenta
617 1811 787 1885 Romanis
814 1815 853 1885 in
882 1808 1180 1909 pabulationibus

149 1943 199 2027 '17
215 1927 424 2002 inferebant.
462 1922 578 2029 Quod
606 1945 693 1997 curu
721 1923 877 1995 crebrius
903 1927 1105 2017 accideret,
1129 1949 1178 2000 ex
1202 1950 1211 1959 ”

214 2037 358 2131 captivo
388 2034 553 2129 quodam
582 2031 765 2126 comperit
790 2033 940 2123 Caesar,
977 2036 1179 2129 Corteurn,
1201 2062 1215 2105 ‘a

213 2147 485 2221 Bellovacorum
513 2142 674 2231 ducem,
698 2141 972 2243 'fortillrrnorum
997 2149 1109 2218 millia
1132 2168 1179 2221 vr

210 2256 382 2353 ,pediturn
398 2246 580 2348 delegille,
599 2251 814 2345 equitesque
836 2278 883 2323 ex
899 2254 1002 2327 omni
1021 2280 1180 2331 numero

216 2366 335 2452 mille,
357 2387 448 2456 quos
465 2361 506 2431 in
529 2355 660 2431 insidiis
680 2386 725 2433 eo
738 2363 821 2431 loco
834 2364 1043 2453 collocaret
1064 2390 1179 2460 quern

216 2477 257 2547 in
278 2478 401 2546 locum
412 2488 594 2567 ,propter
614 2470 758 2566 copiam
779 2472 953 2545 frumenti
973 2498 1014 2547 ac
1036 2476 1179 2570 pabuli,

217 2583 401 2657 Romanos
418 2581 634 2675 pabulatum
651 2578 812 2653 miffuros
829 2582 1069 2678 suspicaretur.
1090 2588 1183 2691 Quo
1214 2620 1217 2627 ·

216 2695 363 2791 cognito
383 2692 553 2780 conlilio,
582 2690 706 2762 Caesar
724 2692 880 2788 legiones
905 2697 1045 2789 plures,
1066 2723 1181 2791 quarn

214 2803 379 2891 solebat,
407 2800 548 2887 educit,
575 2800 881 2897 equitatumque,
913 2828 1024 2897 quern
1053 2807 1182 2900 praesr-

219 2913 284 2985 dio
317 2912 455 3003 semper
492 2908 765 3003 pabulatoribus
799 2909 942 2981 mittere
972 2914 1183 3003 consuerat,

216 3021 426 3121 praemittit.
455 3020 554 3092 Huic
579 3020 780 3113 interponit
804 3018 935 3091 auxilia
957 3021 1043 3091 levis
1067 3046 1182 3095 armare

220 3130 344 3205 turae:
377 3128 452 3225 ipse
475 3150 562 3211 cum
582 3126 808 3227 legionibus,
830 3151 940 3220 quam
967 3129 1084 3223 potest
1106 3156 1185 3201 ma-

154 3247 205 3333 ,18
223 3244 337 3329 xime,
355 3239 631 3336 appropinquat.
660 3237 786 3309 Hostes
808 3239 846 3310 in
863 3238 992 3315 infidiir
1011 3232 1184 3335 dispo‘lrti,

222 3380 310 3451 curn
328 3354 390 3424 fibi
413 3350 618 3453 delegillent
639 3374 810 3477 canipum
826 3351 872 3421 ad
885 3376 963 3423 rem
974 3341 1185 3449 gerendam,

149 3494 190 3565 ς
224 3488 303 3538 non
321 3463 473 3557 amplius
485 3476 675 3556 patentem
696 3463 735 3541 in
756 3484 881 3532 omnes
900 3478 1015 3555 partes
1031 3462 1185 3555 pallrbus

218 3592 286 3661 :‚1u
316 3573 407 3643 ulvis
437 3571 603 3665 undique
632 3569 901 3665 impeditillrmis
929 3588 993 3644 aut
1020 3569 1185 3643 altillrmo

215 3664 394 3757 llumine
404 3686 611 3771 munitum,
631 3685 733 3755 velut
752 3683 918 3781 indagine
939 3682 1037 3753 hunc
1055 3682 1194 3761 inlidiis

214 3764 552 3915 circumdederunt
569 3791 711 3883 Nostri,
726 3794 912 3888 explorato
928 3791 1084 3867 hostiurn
1095 3806 1190 3865 tou·
