2632 4426
399 347 792 424 c1nn1rv11.
1000 365 1072 450 225

110 509 163 603 dc,
188 508 381 583 interclusis
409 509 581 583 omnibus
608 508 818 598 itineribus,
838 509 938 584 nulla
960 534 1000 583 re
1023 534 1070 585 ex

111 616 296 711 Provincia
321 634 430 709 atque
461 616 558 692 ltalia
592 617 765 692 sublevari
790 635 953 713 poterat,
977 638 1073 697 trans
1117 689 1122 707 s

111 728 283 805 Rhenum
299 730 338 800 in
364 730 595 807 Germaniam
621 731 735 802 mittit
760 730 806 803 ad
823 755 878 801 eas
894 732 1070 821 civitates,

111 863 200 932 quas
231 838 470 931 superioribus
501 840 601 910 annis
623 854 824 932 pacaverat,
858 839 1071 933 equitesque

112 949 159 1020 ab
175 948 227 1019 his
248 949 380 1019 arcessit
400 950 434 1017 dc
450 949 535 1019 levis
545 967 742 1021 armaturae
767 948 923 1040 pedites,
940 953 1004 1043 qui
1020 952 1074 1020 in·

111 1075 167 1131 ter
186 1084 246 1132 eos
265 1057 429 1152 proeliari
454 1057 723 1129 consueverant.
750 1036 884 1130 Eorum
895 1059 1093 1148 adventu,¹
1122 1093 1124 1097 ’

113 1171 220 1264 quod
241 1171 362 1245 minus
377 1167 515 1251 idoneis
532 1168 632 1259 equis
652 1167 870 1256 utebantur,
890 1172 1076 1245 atribunis

108 1285 275 1356 ‚militum
296 1279 539 1372 reliquisque,
573 1277 633 1348 sed
652 1278 684 1349 tc
704 1277 887 1369 equitibus
909 1284 1077 1362 Romanis

114 1409 225 1485 atque
242 1389 394 1463 evocatis
405 1408 551 1489 ,equos
572 1387 704 1474 sumit,
725 1387 985 1483 Germanisque
1007 1394 1077 1476 dis,-

111 1501 251 1573 tribuit,
275 1502 433 1585 Interea,
479 1498 568 1567 dum
594 1498 680 1569 haec
702 1516 892 1595 geruntur,
921 1502 1075 1574 hostium
1090 1508 1141 1583 66

115 1614 241 1708 copiae
269 1637 314 1684 ex
338 1611 525 1699 Arvernis,
555 1613 794 1704 equitesque,
819 1614 885 1706 qui
909 1616 978 1686 toti
995 1614 1078 1688 Gal·
1109 1651 1112 1659 ⁴

111 1727 181 1800 liae
200 1743 301 1798 erant
323 1724 508 1819 imperati,
536 1725 769 1796 conveniunt.
791 1726 924 1822 Magno
943 1729 1077 1802 horum

116 1831 240 1910 cossio
261 1840 440 1922 nume'ro,
468 1858 552 1906 curn
586 1833 706 1904 Caesar
739 1835 776 1906 in
799 1833 983 1928 Sequanos
1010 1863 1077 1933 per

115 1965 295 2018 extremos
315 1945 522 2041 Lingonum
549 1944 635 2014 fines
655 1944 723 2014 iter
751 1944 903 2034 faceret,
927 1973 1004 2040 quo
1027 1947 1078 2020 sa·
1176 1993 1185 2029 a

113 2060 215 2129 cilius
236 2057 432 2128 subsidium
447 2056 654 2160 Provinciae
676 2055 758 2126 ferri
782 2058 913 2151 posset,
939 2061 1077 2135 circiter

114 2168 228 2242 millia
246 2165 409 2261 passuum
431 2185 458 2235 x
481 2164 526 2235 ab
544 2165 714 2236 Romanis
733 2167 835 2256 ‚trinis
854 2166 964 2238 castris
986 2170 1077 2242 Ver·

114 2278 314 2375 cingetorix
327 2277 488 2349 consedit
499 2272 806 2369 {convocatisque
822 2278 866 2349 ad
879 2280 1076 2353 concilium

114 2381 296 2479 praefesiis
327 2386 519 2478 equitum,
545 2385 658 2480 vensse
687 2403 809 2483 tempus
833 2389 986 2458 vidioriae
1012 2389 1109 2466 de·,
1182 2415 1184 2419 ’

62 2483 66 2501 ’
114 2497 285 2566 monstrat
299 2525 306 2564 :
321 2497 443 2594 fugere
461 2498 494 2566 in
509 2495 715 2566 Provinciam
738 2495 915 2572 Rosnsnos.
946 2498 1076 2568 Gadia-

115 2633 175 2704 que
194 2607 365 2678 excedere.-
391 2607 426 2677 id
438 2606 504 2700 fibi
530 2608 575 2676 ad
592 2606 788 2704 praesentem
812 2608 1014 2680 obtinendem
1036 2611 1077 2680 li·

117 2715 361 2808 bertatemsatis
389 2717 465 2810 effes
487 2715 531 2786 ad
550 2717 665 2810 reliqui
683 2718 830 2812 ternpore}
843 2742 956 2814 pacem
979 2737 1076 2815 arque

24 2878 33 2887 ,
116 2824 217 2892 otium
234 2846 352 2918 purum
368 2826 502 2918 profici:
531 2824 703 2893 maioribus
732 2829 814 2894 enim
840 2830 959 2896 coedis
979 2834 1076 2927 copiis

115 2930 311 3023 reversuros,
335 2951 433 3025 neque
449 2936 554 3027 finem
576 2932 650 3001 delli
660 2931 820 3030 sessuros.
853 2934 993 3012 Proinde
1016 2967 1076 3033 ag.

116 3043 202 3111 mine
219 3037 384 3136 impeditos
401 3037 603 3107 adoriantur,
628 3040 668 3125 Si
683 3041 807 3137 pedites
816 3041 892 3134 suis
912 3047 1075 3117 auxilium

108 3149 249 3250 ferant.
279 3149 422 3244 usquein
445 3173 480 3216 eo
503 3166 687 3223 morentur.
706 3151 768 3220 iter
788 3155 904 3247 confisi
922 3180 984 3224 nen
1003 3157 1075 3254 pos·

106 3263 241 3356 ses—fi,
266 3260 325 3354 (id
343 3258 427 3355 quod
445 3259 552 3352 magis
567 3257 724 3354 futurum
749 3261 931 3358 confidam)
952 3267 1075 3338 relidiis

117 3371 367 3467 impedimentis.
383 3369 469 3461 suae
486 3369 597 3462 saluti
616 3370 804 3464 considunt,
833 3373 945 3468 dsusu
967 3402 1074 3450 rerum

34 3472 44 3492 ⁸
115 3479 362 3572 neeeffuriarum
393 3481 425 3548 ds
452 3479 613 3573 dignitate
625 3478 804 3578 spoliatum
833 3485 885 3554 iri.
922 3484 1012 3556 Nam
1036 3487 1074 3556 de

115 3589 271 3684 equitibus
294 3589 447 3682 hostium.
472 3591 547 3685 quin
570 3614 660 3659 nemo
685 3617 793 3663 eorum
810 3591 964 3690 progredi
983 3595 1073 3675 mode
1160 3667 1165 3674 ,
1269 3612 1277 3637 s

115 3714 213 3767 extra
236 3721 349 3787 agmen
373 3697 513 3771 audeat,
537 3721 576 3767 ne
593 3696 676 3795 ipsos
697 3698 822 3793 quidem
848 3699 957 3770 debere
983 3701 1076 3771 dudi·

113 3819 210 3882 tare..
221 3803 263 3874 Id
273 3828 331 3897 quo
349 3808 468 3876 maiore
480 3802 614 3900 facient
640 3809 764 3886 enims.
801 3807 955 3907 copiasse
969 3833 1076 3887 omna
1126 3862 1133 3879 .

187 3899 254 3972 Iul·
268 3899 355 3993 Caes.
376 3900 441 3971 Vel.
451 3901 481 3972 1.
854 3903 884 3974 P
