2632 4426
456 323 691 421 nrur'n
738 345 934 421 vrrs¹
1061 354 1136 450 ,ες

172 530 243 585 ros.
280 509 408 602 Itaque
440 532 526 580 cum
552 507 666 603 copiis
697 507 746 581 ad
784 505 955 580 eumdem
983 524 1141 601 pontem

170 617 380 705 contendit,
405 617 681 711 equitatumque
701 633 844 688 tantum
868 616 1061 710 procedere
1074 641 1141 691 an-

172 745 212 803 ts
237 752 371 827 agmen
406 712 559 824 imperat
592 729 804 828 legionum,
840 746 1020 821 quantum
1051 751 1139 800 cum

174 840 408 937 processisset,
439 842 512 913 fine
538 839 791 939 defatigatione
814 862 995 932 equorum
1016 838 1057 910 in
1079 863 1142 913 ea·-

176 950 262 1023 dem
283 952 318 1023 se
338 951 511 1045 reciperet
530 952 645 1024 castra.
697 949 980 1043 Consequentur
999 949 1139 1042 equites

173 1060 303 1150 nostri,
320 1081 363 1135 ut
381 1080 456 1134 erat
475 1078 729 1157 praeceptum,
749 1062 1000 1156 invaduntque
1020 1050 1139 1134 Dum·

173 1174 255 1247 naci
274 1196 425 1270 agmone
450 1169 677 1271 &fugientes
691 1171 970 1264 perterritosque
988 1169 1056 1240 sub
1070 1168 1138 1263 sar·

155 1280 262 1353 ..cinis
283 1281 330 1353 in·
343 1281 470 1352 itinere
490 1281 657 1377 aggtessi‚
680 1302 808 1376 magna
834 1278 989 1373 praeda,
1012 1276 1138 1349 multis

173 1382 384 1474 intersedit,
403 1385 604 1480 potiuntur.
632 1385 704 1473 lta,
726 1410 764 1455 re
786 1384 880 1455 bene
892 1381 1059 1482 gesta,'se
1078 1407 1135 1454 re-

125 1543 131 1553 ·
165 1495 319 1591 ¹cipiunt
336 1497 375 1570 in
394 1496 510 1568 castra·
539 1496 747 1592 Insequenti
763 1491 870 1567 nodie
886 1494 1015 1565 Fabius
1032 1494 1134 1586 equi·
1151 1490 1200 1585 28
1257 1516 1259 1523 ’

165 1618 227 1677 es
246 1606 465 1699 praemittit,
487 1606 532 1679 stc
553 1623 710 1701 paratos,
732 1619 775 1676 ut
798 1600 1053 1702 confligerent,
1079 1620 1135 1675 at·

170 1738 247 1809 que
270 1738 381 1785 omne
400 1739 529 1812 agmen
550 1732 797 1803 momentur,
822 1704 913 1786 dum
936 1712 1134 1806 conseque·

169 1843 273 1897 retur
293 1823 380 1919 ipse.
417 1826 527 1922 Cuius
551 1827 747 1921 praeceptis
777 1841 901 1897 utres
927 1809 1132 1923 gereretur,

165 1932 221 2039 Q.
236 1932 340 2005 Atius
363 1934 496 2023 Varus,
519 1931 717 2031 praesesius
740 1934 931 2029 equitum,
953 1934 1180 2032 singularissj

167 2043 204 2119 dt
217 2044 597 2140 animiscpsudentiae
607 2046 676 2136 vir,
695 2047 775 2119 suos
791 2048 1132 2143 bortatu13agmen·

164 2164 245 2249 qu'e
263 2155 419 2226 hostium
442 2156 674 2245 consecutus,
691 2173 825 2228 turmas
844 2155 976 2250 partim
993 2152 1133 2224 idoneis

163 2264 258 2339 ‘locis
284 2265 463 2360 disponit,
489 2267 810 2361 partimequitunr
828 2256 1007 2360 proelium
1031 2288 1131 2334 conr·

162 2375 295 2451 -urittit
334 2376 497 2447 confissit
527 2376 695 2448 audacius
730 2378 909 2470 equitatus
944 2375 1129 2463 hostium,

170 2482 444 2560 succedentibus
465 2487 530 2560 fibi
549 2487 749 2580 peditibus;
775 2487 859 2581 qui,
885 2503 966 2557 toto
985 2484 1128 2584 agmine

164 2595 409 2684 subsistentes,
440 2597 622 2692 equitibus
653 2597 721 2668 suis
749 2616 873 2671 contra
908 2596 1043 2667 nostros
1074 2594 1128 2665 se*

165 2724 253 2781 runt
279 2707 469 2783 auxilium.
514 2709 572 2809 Fit
602 2708 780 2803 proelium
809 2708 878 2781 acri
905 2708 1125 2780 certamine:

162 2840 328 2912 namque
353 2820 486 2905 nostri,
518 2820 707 2890 contemtis
728 2820 844 2913 pridie
872 2818 1040 2911 superatis
1058 2819 1126 2888 ho·

165 2928 296 3016 stibus,
320 2954 403 3001 cum
432 2929 599 3022 subsequi
622 2930 777 3027 legiones
804 2928 1068 3014 meminissent,
1090 2929 1123 3003 dc

160 3038 306 3133 pudore
321 3039 496 3124 cedendi,
518 3039 763 3135 &cupiditate
787 3062 852 3134 per
872 3039 908 3108 se
931 3037 1125 3109 conficien-

158 3144 202 3219 di
221 3149 369 3242 proelii,
403 3149 584 3225 fortissime
602 3166 725 3220 contra
748 3149 884 3243 pedites
903 3148 1124 3241 proeliaban-

159 3271 247 3335 tura
286 3256 494 3350 hostesque,
525 3257 616 3329 nihil
635 3258 787 3351 amplius
806 3258 989 3352 copiarum
1009 3259 1123 3333 acces·

159 3364 288 3439 surum
307 3369 492 3440 credentes
502 3420 516 3456 ,
537 3386 578 3439 nt
597 3370 712 3464 pridie
725 3386 983 3466 cognoverant,
999 3371 1121 3441 delen·

156 3472 202 3545 di
224 3476 404 3568 equitatus
442 3475 550 3549 nostri
580 3473 670 3550 nesii
697 3478 916 3550 occasionem
946 3477 1121 3551 videban-

157 3598 254 3667 tur„
279 3585 376 3657 Cum
402 3588 623 3680 aliquamdiu
645 3589 783 3663 summa
807 3589 1040 3662 contentione
1062 3591 1119 3662 di·
1137 3608 1185 3697 ψ’

158 3694 369 3784 miraretur,
388 3696 599 3769 Dumnacus
619 3699 758 3772 instruit
771 3700 903 3789 aciem,
932 3727 1032 3800 quae·
1050 3705 1120 3776 suis
1180 3691 1183 3699 ¹

154 3800 247 3883 *esset
274 3806 457 3903 equitibus
476 3808 637 3886 invicem·
652 3811 837 3907 praesidio·
870 3811 971 3885 Tum
988 3837 1119 3909 repen·
