2632 4426
340 365 345 384 ·
429 318 771 400 rrurnu.
1026 326 1076 428 ες

122 489 243 590 magni
261 487 431 584 ponderis
448 488 525 562 saxa
543 490 576 563 8c
592 506 792 585 praeacutas
804 489 919 562 trabea
935 491 972 561 in
993 511 1076 562 mu*
1186 546 1189 550 ‚

90 624 163 672 fro
183 602 409 672 collocarent.
441 600 509 695 Ipsr
530 616 629 672 erant
651 625 696 671 ex
717 599 867 699 Cimbris
884 602 1078 672 Teutonis·
1106 646 1109 653 ·

92 753 96 766 ι
121 735 196 805 que
215 712 399 810 prognati3
433 713 513 804 qui,
535 734 620 784 cum
637 713 706 782 iter
720 711 761 791 in¹
777 713 995 806 provinciam
1011 736 1078 797 no·¹

123 822 224 890 stram
252 841 361 914 atque
387 819 522 892 Italiam
560 819 740 908 facerent,
775 821 815 890 iis
840 822 1077 916 impedimen·

122 932 187 1018 tis,
205 955 297 1023 quae
315 930 432 1002 secum
456 955 555 1027 agere
576 954 616 1035 ac
636 947 777 1023 portare
795 953 871 999 non
892 943 1074 1023 poterant,
1211 960 1225 1005 r

121 1039 208 1111 citra
238 1039 375 1111 flumen
402 1038 569 1109 Rhenum
599 1037 787 1131 depofitis‚
825 1038 1003 1110 custodiae
1027 1062 1084 1120 ex,

68 1201 73 1211 ·
100 1151 191 1222 iuis
213 1176 254 1222 ac
273 1150 440 1246 praesidio
467 1148 526 1218 sex
555 1149 665 1218 millia
685 1149 877 1221 hominum
901 1174 973 1220 una
992 1152 1073 1222 reli·

122 1269 291 1354 querunt.
327 1263 374 1331 Hi
420 1260 499 1355 post
520 1282 644 1329 eorum
665 1256 834 1345 obitum,
854 1261 987 1330 multos
1002 1280 1073 1355 ‘anf

100 1392 189 1440 ‚nos
210 1395 229 1439 a
253 1367 381 1439 finitim
433 1363 619 1461 exagitati,
644 1387 730 1433 cum
754 1364 833 1434 alias
856 1365 992 1438 bellum
1016 1371 1074 1439 in·

122 1477 275 1565 ferrent,
290 1479 369 1546 alias
384 1477 527 1574 'illatum
545 1473 798 1561 defenderent,
826 1474 995 1546 consensu
1013 1491 1075 1547 eo·

107 1607 206 1660 ¹rum
232 1587 397 1656 omnium
426 1609 514 1679 pace
536 1579 645 1672 farsia,
677 1585 774 1655 hunc
800 1584 861 1655 fibi
888 1584 1071 1658 domicilio

122 1700 247 1768 locum
268 1697 487 1790 delegerunt.
507 1695 559 1766 Ac
578 1695 695 1787 primo
714 1691 872 1763 adventu
897 1693 1070 1765 exercitus
1089 1712 1134 1788 30

109 1806 231 1877 nostri
250 1805 386 1875 crebras
407 1830 452 1874 ex
470 1805 610 1899 oppido
630 1804 849 1876 excurfiones
871 1802 1071 1894 faciebant,

122 1916 350 2010 parvulisque
374 1917 513 2008 proeliis
539 1929 624 1987 cum
645 1915 767 1986 nostris
787 1916 1070 1990 contendebant:
1124 1982 1127 1989 .

124 2027 245 2119 postea
260 2027 352 2095 vallo
371 2024 507 2118 pedum
522 2043 601 2113 x11,‘
615 2025 651 2093 in
669 2022 817 2096 circuitu
832 2043 886 2095 xv
901 2025 1070 2115 millium,

121 2134 324 2226 crebrisque
349 2131 490 2202 castellis
515 2131 807 2217 circummuniti,
838 2131 975 2225 oppido
1001 2133 1071 2206 sese

122 2243 366 2313 continebant
392 2241 477 2328 Ubi‚'
492 2242 601 2312 vineis
620 2234 719 2325 adis,
740 2264 862 2336 aggere
881 2237 1071 2333 exstrudid,
1152 2287 1154 2292 ,

112 2353 248 2423 *turrim
267 2354 394 2446 procul
415 2350 580 2421 constitui
602 2350 790 2436 viderunt,
812 2350 969 2441 primum
993 2351 1070 2422 irri-
1261 2445 1263 2448 Α

123 2460 208 2531 dere
233 2485 278 2531 ex
297 2486 403 2532 muro
426 2479 544 2554 atque
563 2458 770 2553 increpitare
794 2457 966 2546 vocibus,
992 2470 1073 2552 quo'
1152 2471 1155 2477 '

115 2588 221 2642 tanta
242 2570 457 2643 machinatio
477 2570 522 2639 ab
545 2586 646 2640 tanto
671 2569 781 2662 spatio
802 2567 1070 2638 institueretur?

123 2684 338 2775 quibusnam
361 2680 546 2766 manibus,
563 2680 776 2772 aut-quibus
798 2676 952 2766 viribus,
967 2675 1070 2772 praei
1098 2762 1104 2767 ,
1139 2682 1145 2694 ’

121 2793 242 2862 sertim
260 2792 420 2864 homines
439 2791 594 2860 tantulae
609 2781 775 2875 staturae,
790 2789 1071 2881 (narnplerurnss

121 2922 196 2989 que
219 2898 425 2969 hominibus
443 2897 549 2967 Gallis
571 2920 654 2989 prae
674 2892 920 2991 magnitudine
940 2909 1072 2988 corpo'·⁴

121 3031 203 3079 rum
219 3009 364 3077 suorum
377 3006 526 3076 brevitas
543 3006 663 3076 nostra·
670 3005 869 3074 contemtui
883 3002 946 3090 est,
957 3001 975 3103 )
988 3021 1069 3076 tan·

119 3116 148 3184 ti
168 3115 279 3186 oneris
297 3113 422 3185 turrim
440 3112 478 3182 in
500 3135 620 3203 muros
641 3110 898 3180 sesecollocare
915 3111 1069 3182 confide³

118 3225 227 3296 rent?
254 3219 325 3294 Ubi
339 3235 432 3293 vero·
444 3207 601 3307 moveri,
619 3219 952 3312 &appropinquare
968 3235 1067 3291 moe-¹
1083 3229 1132 3310 31'
1191 3205 1200 3226 ⁸

120 3333 228 3402 nibus
240 3331 422 3418 viderunt,
437 3354 529 3400 nova
543 3345 651 3420 atque
667 3326 826 3396 inusitata
847 3325 959 3419 specie
971 3341 1080 3400 com·'
1117 3358 1122 3370 ¹

122 3445 239 3530 moti,
269 3447 408 3541 legatos.
426 3441 471 3511 ad
497 3440 675 3514 Caesarem
699 3439 745 3509 de
768 3462 854 3531 pace
876 3439 1069 3538 miserunt3

61 3554 68 3571 ⁹
123 3553 208 3643 qui,
228 3552 273 3621 ad
292 3553 389 3624 hunc
405 3551 559 3622 modum
572 3551 704 3621 locuti:
727 3549 802 3618 Non
817 3549 856 3641 se
874 3551 1069 3642 exssimare

122 3662 280 3731 Romanos
291 3650 364 3756 stn'e
385 3687 441 3759 ope
461 3662 569 3733 divina
589 3661 703 3730 bellum
719 3674 852 3752 gerere,
881 3661 935 3754 qui
958 3659 1084 3728 tuncne
1199 3703 1203 3710 -

124 3771 581 3861 altitudinislmaclrinationes
600 3789 695 3844 tanta
712 3772 872 3843 celeritate
886 3771 1075 3870 promovere
