2632 4426
402 334 631 411 rrsrn
677 335 781 413 vn.
1003 344 1080 439 ²39-

116 499 251 597 ptionis
266 495 368 571 causa
382 489 591 591 parauerat,
617 495 763 591 profert.
796 496 978 595 Pugnatur
996 520 1084 571 uno‘

110 622 282 703 *tempure
292 607 463 679 omnibus
480 608 565 678 locis
578 608 719 696 acriter,
739 609 983 699 atque-omnia
999 623 1081 704 teto.

117 741 249 795 tantur.
268 722 352 826 Qua
369 719 520 792 minime
538 719 607 789 visa
623 743 700 810 pars
713 719 813 789 firma
826 719 891 807 est,
902 720 974 794 huc
986 743 1075 790 con·

113 835 277 908 curritur.
317 831 566 918 Romanorum
591 854 716 902 manus
736 832 841 906 tantis
862 831 1076 902 munitioni·
1147 922 1149 926 k

117 943 185 1015 bus
201 940 412 1025 distinetur,
445 962 512 1008 nec
538 937 638 1007 facile
657 937 820 1030 pluribus
844 939 930 1008 locis
949 963 1075 1036 occur-

116 1054 171 1126 rit.
212 1051 372 1120 Multum
388 1048 432 1117 ad
446 1045 627 1119 terrendos
639 1048 773 1117 nostros
793 1047 904 1116 valuit
919 1049 1075 1135 clamor,

118 1159 273 1254 quipost
285 1176 423 1256 tergum
436 1154 679 1252 pugnantibus
694 1156 836 1243 exstitit,
851 1157 955 1249 quod
967 1157 1074 1226 suum

91 1287 94 1295 ’
117 1271 320 1362 periculum
350 1271 388 1336 in
419 1266 534 1335 aliena
557 1263 682 1336 vident
699 1309 700 1312 =
716 1266 848 1336 virtute
873 1266 1070 1338 consistere:

118 1372 241 1451 omnia
270 1377 365 1448 enim
391 1377 627 1468 plerumque,
646 1399 754 1467 vquae
785 1375 940 1463 absunt,
964 1378 1073 1445 vehe-

119 1486 277 1556 mentius
303 1485 494 1555 hominum
527 1499 665 1555 mentes
693 1485 914 1578 perturbant.
953 1485 1132 1585 Caesar-85

118 1594 300 1673 idoneum·
321 1596 443 1665 locum
467 1586 608 1680 naslus,
642 1593 898 1688 quid-quaque
920 1595 1085 1690 inpane·

120 1699 283 1799 geratur,
301 1701 504 1800 cognoscit,
528 1702 772 1778 laborantibus
791 1705 966 1775 auxilium
988 1705 1075 1800 sub·

121 1813 244 1882 mittit.
270 1812 436 1903 Utrisque
462 1811 507 1880 ad
519 1813 679 1882 animum
694 1814 867 1901 occurrit,
894 1837 1010 1885 unum
1030 1816 1082 1887 il·=

120 1921 187 1990 lud
211 1920 276 1990 elle
291 1937 452 2014 tempus,
477 1946 552 2013 quo
576 1923 734 1993 maxime
749 1923 922 1994 contendi
943 1936 1076 1996 conve·

121 2029 206 2098 niat.
238 2029 352 2115 Galli,
368 2030 429 2100 nisr
441 2029 673 2127 perfregerint
692 2032 924 2120 munitiones,
940 2033 986 2104 de
1001 2059 1077 2105 om·

122 2139 162 2207 ni
190 2138 300 2225 salute
323 2138 527 2233 desperant:
556 2141 728 2229 Romani,
763 2142 788 2211 sr
811 2167 887 2212 rem
904 2135 1082 2214 obtinue-ss
1095 2176 1119 2185 ’Ν

119 2249 211 2333 rint,
244 2248 355 2317 linem
373 2248 540 2318 omniurn
555 2248 719 2328 laborum
737 2245 946 2342 exspectant.
966 2251 1082 2322 Maxi··

120 2381 181 2426 me
206 2355 252 2425 ad
280 2357 474 2450 superiores
507 2356 725 2428 munitiones
748 2357 960 2446 laboratur,
997 2384 1082 2452 quo

120 2465 423 2564 Vergafillaunum
452 2467 594 2558 millum
620 2466 949 2538 demonstravimus.
989 2467 1075 2538 Exi·
1151 2482 1158 2525 s

42 2650 43 2654 ,
120 2599 236 2672 guum
262 2577 347 2648 locis
363 2579 409 2647 ad
435 2577 674 2651 declivitatem
704 2577 877 2675 fastigium
901 2601 1075 2676 magnum
1152 2568 1156 2572 ’

109 2688 231 2757 ‘habet
260 2706 499 2758 momentum.
542 2687 613 2758 Alii
646 2690 713 2758 tela
735 2686 952 2770 coniiciunt;
987 2685 1045 2756 alii
1059 2729 1081 2774 ,-
1151 2773 1153 2775 ,
1241 2717 1245 2725 ·
1295 2671 1298 2678 .

121 2793 297 2865 testudine
314 2789 421 2880 fasta,
442 2795 618 2882 subeunt3
635 2795 829 2893 defatigatis
846 2794 999 2866 invicem
1017 2796 1075 2866 in-

121 2901 211 2999 tegri
233 2902 435 2973 succedunt.
460 2902 596 2998 Agger,
629 2904 674 2972 ab
698 2903 863 2972 universrs
887 2904 925 2971 in
952 2903 1075 2972 munI·
1141 2983 1143 2986 y

120 3012 259 3082 tionem
279 3005 479 3095 conieslus,
506 3009 538 3081 8c
566 3008 772 3080 adscensum
796 3010 1010 3096 datGallis,
1039 3010 1073 3082 8c

59 3128 64 3144 ’
121 3147 182 3210 ea,
207 3121 351 3214 quaein
376 3137 503 3189 terram
517 3122 780 3190 occultaverant
800 3119 972 3208 Romani,
989 3142 1076 3194 con·

120 3231 230 3328 tegit:
258 3230 414 3301 uetiam
437 3253 531 3299 arma
560 3228 703 3314 nostris,
735 3253 803 3299 nec
830 3231 917 3299 vires
945 3228 1075 3323 suppe-

120 3355 215 3407 tunt.
232 3340 295 3409 His
307 3339 412 3409 rebus
435 3337 604 3434 cognitis,
631 3336 753 3407 Caesar
770 3336 968 3418 Labienum
988 3361 1073 3409 cum
1088 3334 1136 3416 86
1171 3333 1173 3335 ’

102 3482 103 3485 ¹
121 3449 327 3520 cohortibus
347 3468 391 3520 VI
408 3449 562 3520 subfidio
587 3448 830 3519 laborantibus
852 3449 980 3521 mittit:
1004 3450 1074 3518 im-

112 3580 240 3650 perat,
263 3561 287 3628 sr
309 3560 473 3630 sustinere
493 3583 568 3628 non
588 3559 711 3652 poslrt,
739 3552 899 3629 deduslis
919 3556 1074 3629 cohorti·

120 3665 188 3735 bus
212 3667 401 3758 eruptione
431 3685 584 3764 pugnet3
612 3667 673 3757 id,
711 3667 773 3736 nist
794 3666 999 3753 necessario,
1025 3691 1074 3738 ne

118 3771 231 3843 saciat.
257 3773 335 3869 lpse
352 3775 426 3846 adit
447 3775 626 3870 reliquos,
652 3773 857 3848 cohortatur
873 3797 941 3868 ,ne
960 3773 1077 3878 labori
