2632 4426
282 350 287 359 ·
373 324 762 404 crunam.
1015 361 1067 440 75

104 483 234 562 tendit.
245 481 354 556 Erant
366 483 542 556 eiusmodi
555 486 628 557 fere
643 486 725 558 fitus
741 487 986 583 oppidorum,
1003 510 1065 594 ut,
1085 521 1128 575 12
1224 483 1227 492 ¹

103 594 242 690 pofita
234 618 271 667 sn
285 593 450 664 extremis
475 592 618 691 lingulis
641 597 989 690 promontoriisque,
1004 623 1067 672 ne·

105 729 181 797 que
195 702 347 797 pedibus
357 701 495 772 aditum
512 701 706 787 haberent,
720 726 802 774 cum
817 707 946 778 exalto
959 708 993 778 se
1006 733 1067 779 ae-

105 808 405 896 {lusincitavilleu
421 808 524 901 quod
537 809 589 879 bis
604 808 734 879 accidit
745 809 883 905 semper
895 814 1066 888 horarum
1160 851 1162 854 ·

104 937 163 1018 rur
174 921 304 1014 ipati03
321 943 445 1012 neque
457 919 624 1007 navibus,
638 920 763 1013 quod,
775 923 891 994 rursus
904 922 1067 998 minuen-

106 1043 144 1099 te
156 1027 391 1114 aestu,naves
404 1027 441 1097 in
460 1026 558 1098 vadis
571 1027 828 1100 afflidlarentur.
849 1030 902 1100 Ita
914 1048 1067 1125 utraque
1116 1061 1119 1065 ’

105 1161 145 1213 re
169 1137 392 1232 oppidorum
416 1138 639 1236 oppugnatio
661 1139 950 1232 impediebatur,
982 1142 1067 1214 acfr

105 1248 255 1363 quando
280 1247 531 1346 magnitudine
555 1248 670 1341 operis
692 1246 785 1319 forte
800 1249 974 1342 superati,
1003 1270 1068 1323 ex
1198 1324 1200 1334 .

10 1440 14 1447 .
105 1359 202 1432 truso
215 1383 441 1456 managgere
443 1383 484 1430 ac
495 1358 662 1430 molibus
665 1376 801 1452 ,atque
814 1359 866 1429 bis
881 1349 1010 1432 ferme
1006 1386 1068 1456 op·
1146 1428 1152 1437 .

106 1469 187 1564 pidi
209 1467 400 1540 moenibus
430 1466 656 1579 adaequatis,
681 1467 749 1537 suis
769 1465 922 1538 fortunis
944 1468 1067 1581 despeo'

104 1602 181 1651 rare
202 1596 413 1701 coeperant3
449 1600 582 1676 magno
605 1601 761 1648 numero
794 1578 938 1648 navium
962 1560 1067 1671 apuli

33 1774 37 1780 .
105 1686 165 1775 fo,
186 1687 288 1759 cuius
303 1712 353 1757 rer
343 1685 549 1759 summam
562 1686 767 1758 facultatem
782 1686 982 1774 habebant,
1000 1686 1062 1760 fua

38 1875 46 1883 Ι
104 1797 346 1891 deportabant
373 1799 512 1887 omnia,
541 1797 681 1892 seque
671 1821 711 1870 ιιι
735 1800 899 1893 proxima
927 1798 1064 1894 oppida

63 1952 66 1959 ·
105 1909 360 2003 recipiebant·
356 1909 429 1981 Ibi
452 1911 487 1980 fe
515 1909 631 2008 rursus
656 1909 786 1981 iisdem
811 1911 1065 2004 opportunita-

107 2016 204 2088 tibus
216 2016 286 2088 loci
300 2017 552 2091 defendebant.
581 2017 679 2093 Haec
692 2043 736 2090 eo
751 2018 884 2119 facilius
893 2045 1063 2118 magnam

105 2144 246 2219 partem
269 2127 400 2199 aestatis
423 2126 620 2215 faciebant,
651 2126 756 2221 quod
791 2094 929 2201 nultrae
955 2151 1083 2202 naves

105 2230 373 2328 tempestatibus
394 2233 671 2322 detinebantur,
685 2232 898 2358 summaque
917 2256 1064 2309 eratus·

105 2341 293 2435 fluatque
325 2358 449 2436 aperto
479 2341 589 2431 mari,
622 2344 761 2440 magnis
786 2345 955 2432 aestibus,
981 2345 1062 2418 raris

10 2467 14 2476 ’
105 2474 145 2520 ac
167 2475 283 2545 prope
306 2453 413 2522 nullis
434 2450 626 2544 portibus,
652 2451 836 2521 difficultas
860 2454 1114 2550 navigandi

105 2557 280 2653 Namque
307 2560 467 2654 ipsorum
495 2567 602 2633 naves
630 2560 678 2632 ad
711 2549 809 2634 hunc
835 2559 986 2635 modum
1010 2563 1061 2635 fa·
1082 2585 1124 2664 ις

107 2665 184 2740 uae
200 2686 425 2763 armataeque
454 2688 564 2742 erant
604 2670 750 2767 Carinae
775 2671 961 2767 aliquanto
983 2675 1062 2769 pla·
1145 2687 1149 2694 '

106 2780 243 2867 niores,
267 2805 376 2872 quam
406 2781 601 2853 nostrarum
627 2785 795 2872 navium,
824 2808 900 2882 quo
927 2784 1062 2858 facilius

107 2886 198 2957 vada
221 2911 262 2957 ac
281 2886 458 2959 decertum
478 2891 589 2972 aestus
609 2894 770 2987 excipere
783 2891 950 2986 pollente
975 2918 1061 2988 pro-

105 3023 164 3069 rae
186 2998 388 3070 admodum
417 2994 571 3087 eseliae,
600 3016 708 3095 atque
737 3005 825 3075 item
850 3024 991 3097 puppes
1013 3005 1060 3076 ad

106 3091 395 3208 magnitudinem
430 3103 608 3183 fluctuum
640 3111 965 3205 tempestatumque
1001 3138 1061 3187 ac·

106 3217 373 3290 commodatae:
401 3218 506 3289 naves
525 3237 623 3290 totae
638 3213 748 3290 fadlae
770 3244 816 3302 err
835 3224 986 3312 robore,
1012 3223 1059 3295 ad

107 3329 270 3421 quamvis
288 3326 362 3397 vim
374 3328 406 3400 8c
418 3328 674 3399 contumeliam
687 3327 951 3423 perferendam:
966 3328 1059 3404 tran·

107 3437 172 3508 stra
195 3437 382 3532 pedalibus
414 3439 454 3509 in
491 3439 718 3513 latitudinem
754 3444 913 3515 trabibus
946 3445 1060 3516 confi·

105 3571 152 3620 xa
172 3552 275 3621 clavis
294 3549 430 3638 ferreis,
451 3551 552 3649 digiti
570 3552 709 3646 pollicis
730 3554 972 3625 craffitudine:
999 3578 1061 3626 an·

42 3692 45 3697 ·
107 3684 230 3748 corae,
258 3686 326 3756 pro
344 3661 536 3751 funibus,¹
554 3660 674 3735 ferreis
702 3666 831 3736 catenis
861 3657 1059 3739 'revindlaer

103 3770 217 3863 pelles
237 3794 305 3866 pro
333 3773 422 3849 velis
429 3824 441 3867 ,
466 3774 658 3871 alutaeque
682 3777 842 3854 tenuiter
859 3771 1060 3868 consedes,
1111 3774 1120 3783 “
