2632 4426
444 329 678 406 cruau
726 329 860 404 rr.»
1007 294 1064 432 (49
1203 279 1206 285 ’

75 533 78 537 ’
109 498 180 574 bus
197 493 382 588 ulum-qui
402 490 521 564 nuntii
543 490 589 562 ab
606 490 701 563 Iccio
719 503 916 579 venerant,
936 489 1066 562 Numi·

105 606 193 692 das,
225 604 258 675 lt
283 604 402 674 Cretas
422 599 633 703 sagittarios,
662 600 922 677 &funditorel
946 599 1065 671 Balsa·

105 735 166 786 res
181 712 337 804 subsidio
356 710 543 805 oppidanis
567 710 697 782 mittit:
729 734 885 802 quorum
905 710 1066 779 adventu
1196 763 1198 767 .

33 831 36 834 ’
107 823 146 896 alc
168 821 310 910 Remis,
336 846 420 892 cum
446 821 509 912 spe
530 819 761 907 defensionis,
799 820 956 902 studium
981 842 1070 912 pro-

107 929 299 1030 ¹pugnandi
323 929 478 1019 accessu,
506 926 718 998 &hostibus
738 928 863 999 eadem
893 929 939 1002 de
966 925 1068 1000 causa
1208 953 1212 962 ·

111 1040 190 1134 spes
201 1036 373 1132 potiundi
395 1036 522 1129 oppidi
541 1035 697 1107 discessit.
718 1036 857 1130 Itaque,
873 1039 1068 1132 paullispet

110 1149 211 1245 apud
232 1146 411 1242 oppidum
433 1144 583 1232 morati,
606 1170 779 1243 agrosque
797 1149 995 1220 Remorum
1012 1149 1070 1221 de·

112 1259 302 1354 populati,
325 1256 493 1328 omnibus
518 1255 601 1325 vicis
624 1256 883 1350 aedificiisque,
901 1283 978 1351 quo
995 1259 1070 1330 adu.

111 1385 365 1465 repererant,
389 1365 559 1452 incensas,
581 1365 628 1435 ad
654 1365 757 1436 castra
776 1367 922 1437 Caesaris
949 1369 1070 1439 omui-

112 1477 185 1551 bus
212 1477 325 1571 copiis
355 1474 646 1561 contenderunt,
674 1477 706 1545 lc
734 1474 780 1545 ab
815 1473 972 1556 millibus
994 1477 1073 1569 pau

113 1587 222 1661 suum
242 1587 362 1657 minus
387 1604 420 1655 11
443 1585 546 1655 castra
567 1586 787 1679 posueruntr
807 1676 808 1682 ἵ
830 1609 923 1679 quae
944 1588 1072 1678 castra,
1145 1637 1148 1640 ›

115 1717 159 1774 ut
184 1697 287 1769 furno
310 1711 421 1788 atque
443 1696 585 1792 ignibus
608 1686 893 1793 fignificabatut,
918 1700 1073 1792 amplius

113 1808 275 1883 millibus
294 1804 456 1901 palluum
486 1807 619 1879 v111in
641 1807 868 1877 latitudinem
889 1809 1071 1901 patebant.

116 1917 241 1992 Caesar
258 1917 397 2010 primo,
410 1916 442 1988 8c
455 1931 603 2009 propter
616 1915 888 1991 multitudinem
902 1917 1070 2008 hostium,
1089 1927 1113 2004 8

119 2028 315 2122 &propter
337 2025 504 2096 eximiam
524 2025 736 2119 opinionem
756 2027 916 2114 virtutis,
933 2029 1072 2121 proelio

121 2136 344 2232 supersedere
368 2135 508 2204 stat‘uit:
532 2137 700 2227 quotidie
715 2152 835 2207 tamen
855 2138 1075 2230 equestribus

118 2247 282 2342 proeliis,
305 2244 395 2337 quid
420 2243 524 2314 hostis
543 2245 675 2316 virtute
696 2245 828 2339 pollet,
850 2237 988 2339 tc‘quid
1004 2270 1074 2320 no·

120 2359 178 2433 ilri
204 2355 397 2442 auderent,
420 2354 694 2448 periclitabatur.
734 2356 804 2426 Ubi
834 2358 967 2426 nostros
997 2378 1075 2429 non

122 2465 191 2537 effe
217 2463 396 2534 inferiores
425 2463 624 2551 intellexit,
656 2465 738 2534 loco
769 2487 835 2555 pro
862 2463 996 2551 castris,
1026 2465 1075 2536 ad

122 2579 233 2651 aciem
251 2575 493 2646 instruendam
510 2591 635 2645 natura
652 2588 861 2667 opportuno
878 2588 987 2667 atque
1002 2574 1075 2646 ido·

122 2712 217 2776 neo,
242 2684 368 2780 (quod
391 2685 419 2754 is
444 2684 564 2772 collis,
597 2684 784 2756 ubi-castra
809 2676 920 2778 polita
945 2702 1075 2774 erant,

125 2799 328 2894 paullulum
354 2817 399 2866 ex
423 2791 728 2888 planitie-editus,
751 2809 891 2864 tantum
912 2796 1075 2867 adversus

125 2912 165 2981 in
187 2905 412 2980 latitudinem
435 2904 599 2998 patebat,
622 2921 802 2997 quantum
822 2904 891 2975 loci
911 2905 999 2976 acies
1016 2906 1074 2976 ina

66 3084 70 3093 .
124 3012 251 3093 stru&
271 3039 445 3110 occupare
463 3033 620 3109 poterat,
637 3030 746 3107 atque
766 3035 813 3109 err
831 3000 981 3106 utraque
997 3039 1075 3107 par·
1208 3034 1215 3045 ·

125 3147 164 3201 te
199 3128 313 3200 lateris
347 3121 503 3196 deiectus
529 3126 702 3212 habebat,
738 3124 769 3197 8c
800 3123 954 3196 frontem
982 3124 1073 3197 leni·

36 3240 43 3253 '
126 3253 182 3310 ter
203 3236 377 3334 fastigatus
397 3235 580 3330 paullatim
594 3235 639 3306 ad
657 3234 841 3329 planitiem
860 3234 1012 3328 redibat)
1028 3233 1074 3343 ab

126 3367 286 3440 utroque
305 3349 411 3417 latere
430 3347 503 3417 eiua
519 3348 616 3417 collis
632 3344 856 3440 transversam
872 3342 992 3415 foliam
1010 3345 1076 3414 ob·

128 3455 237 3527 duxit
264 3455 401 3526 circiter
421 3452 582 3548 palluum
597 3473 648 3524 cu
661 3453 722 3542 ,8c
748 3453 794 3523 ad
816 3468 986 3524 extremas
1006 3450 1075 3521 fos·

45 3657 50 3664 ὁ
128 3567 177 3638 las
198 3563 333 3636 castella
353 3563 555 3650 constituit,
574 3563 702 3656 ibique
723 3576 901 3632 tormenta
923 3562 1075 3631 colloca·
1220 3648 1221 3651 Ἴ

90 3696 92 3738 ἰ
129 3677 203 3761 vit,
226 3698 295 3761 ne,
318 3697 401 3744 cum
427 3674 536 3743 aciem
563 3666 793 3756 inllruxillet',
817 3669 949 3754 hostes,
975 3666 1078 3760 quod

130 3800 279 3857 tantuma
296 3782 528 3855 multitudine
549 3798 734 3877 poterant,
755 3781 800 3852 ab
821 3779 985 3850 lateribus
1006 3802 1079 3874 pu·

179 3881 245 3952 Iul.
262 3877 348 3973 Cors-
371 3879 477 3952 Votl.
679 3930 682 3936 »
852 3874 889 3949 D
