2632 4426
337 356 346 411 ε
457 329 690 424 'ntitas
737 334 910 421 v'11.‘··
1051 367 1128 448 ιφ

155 522 383 617 “opinionem
404 517 449 588 ad
474 518 627 614 Ligerim
655 517 838 611 pervenit}
868 510 1037 608 'vadoque
1062 541 1128 611 per

156 635 307 730 ‘equites
327 631 497 714 invento,
512 627 645 721 protei
676 627 872 696 netellttate
898 634 1128 720 opportuno,

157 759 214 811 ·ut
227 740 365 811 brachia
386 739 500 809 modo
510 756 618 828 atq-ue
637 737 779 806 humeri
796 736 845 805 ad
855 735 1058 806 sustinenda
1074 759 1129 804 ar·

160 862 230 918 [ma
250 848 357 918 liberi
375 849 422 917 ab
448 850 540 940 aqua*
562 845 628 923 elle
649 845 806 940 pollent,
826 845 996 936 disposito
1021 845 1150 937 equi-2<

97 958 103 968 '
159 949 267 1041 datu,
284 956 359 1045 >qui
381 953 468 1037 vlm'
487 951 644 1021 fluminis
673 952 900 1048 refringeret,
925 968 1035 1043 atque
1059 951 1128 1020 ho·
1189 1004 1197 1020 .

96 1084 102 1095 ‘
157 1060 280 1136 -stibu's
302 1064 419 1157 primo
443 1057 613 1155 adlpediu
641 1061 876 1153 perturbatis,
906 1063 1128 1131 incolumem

121 1231 127 1237 ,
158 1174 370 1247 exercitum
384 1170 601 1241 transduxit-2
625 1162 926 1261 frumentumque
941 1171 976 1238 in
997 1166 1128 1264 agris&

167 1282 316 1374 copiam
339 1280 475 1374 pec'ot-is
498 1274 641 1361 nullus,
656 1278 795 1368 repleto
816 1275 855 1343 iis
876 1277 980 1344 rebus
993 1276 1127 1346 exerci-

160 1390 240 1473 ἴξιν,
268 1387 333 1456 iter
359 1387 398 1454 in
423 1387 581 1457 Senones
603 1383 715 1455 facere
736 1383 894 1454 instituit.
920 1383 1020 1453 Dum
1040 1385 1126 1463 haec
1149 1391 1195 1467 57
1307 1470 1310 1479 ἱ

103 1551 104 1554 ,
160 1496 270 1590 ¹apud
295 1496 473 1567 Caesarem
501 1502 694 1594 geruntut,
717 1493 893 1564 Labienus
913 1494 965 1596 eo
986 1494 1129 1588 supple-

158 1608 318 1691 imentoa
346 1605 452 1698 quod
477 1626 593 1696 nuper
619 1627 665 1673 ex
686 1602 784 1671 Italia
810 1619 972 1686 venerat,
991 1596 1126 1675 aalide
1173 1694 1177 1702 ι

166 1714 367 1812 ·Agendici‚
385 1733 425 1785 ut
451 1713 532 1785 ellet
552 1710 818 1807 impedimentis
836 1710 1025 1803 praefidio,
1039 1735 1127 1783 cum
1211 1708 1213 1723 '

158 1844 216 1896 ·1v
248 1826 447 1921 legionibus
463 1825 644 1896 Lutetiam
668 1822 909 1917 proficiscitur.
925 1823 980 1893 ¹Id
998 1824 1046 1893 est
1059 1834 1127 1917 op-

161 1933 305 2027 ·pidum
322 1933 551 2020 Parifiorum,
577 1933 731 2024 positum
756 1932 812 2000 'in‘
826 1931 936 2003 inlula
956 1931 1125 2005 fluminis

163 2040 369 2132 :Sequanae
397 2039 505 2110 Cuius
530 2039 689 2111 adventu
713 2039 758 2110 ab
779 2039 937 2112 hostibus
960 2043 1127 2139 cognite,

160 2176 322 2250 magnae
343 2177 389 2221 ex
403 2152 560 2222 finitimis
581 2152 791 2222 civitatibus
803 2151 926 2244 copiae
943 2176 1124 2224 convene-

144 2278 267 2335 ..tunt
281 2260 428 2331 Summa
442 2261 581 2353 imperii
594 2263 789 2331 transilitur
798 2261 1041 2359 Camulogeno
1052 2261 1125 2334 Au-

158 2373 289 2455 ;lerco,
315 2370 379 2461 qui
403 2393 517 2462 prope
532 2363 723 2441 nonfellus
749 2385 879 2455 aetate,
899 2380 1021 2440 tamen
1040 2396 1126 2463 pro-

129 2545 131 2550 .
164 2499 255 2577 pter
268 2482 477 2578 singularem
496 2481 677 2551 scientiam
688 2481 738 2552 rei
754 2482 909 2553 militatis
921 2481 967 2551 ad
981 2507 1064 2552 eum
1078 2485 1126 2559 est
1161 2458 1167 2477 ⁹

162 2593 352 2664 :bonorem
374 2609 548 2673 evocatus.
571 2592 602 2662 Is
620 2617 703 2665 cum
720 2594 880 2663 animum
902 2589 1126 2678 advertisset,
1218 2635 1222 2643 ,

163 2698 386 2796 perpetuam
409 2702 474 2772 'elle
494 2703 685 2796 paludem,
703 2727 796 2795 quae
810 2687 976 2771 influeret
999 2699 1037 2771 iu
1064 2699 1127 2770 Se-

163 2824 331 2903 quanam
343 2862 354 2896 ,
368 2831 477 2903 atque
497 2811 599 2881 illum
621 2829 768 2882 omnem
792 2814 916 2883 locum
935 2835 1127 2906 magnope-

164 2946 214 2992 -re
238 2921 447 3012 impediret,
465 2921 521 2989 hic
543 2921 725 3007 consedit,
747 2922 965 3012 nostrosque¹
979 2923 1124 2992 transitu

174 3015 366 3126 prbhibere
389 3028 552 3101 instituit·
578 3029 755 3100 Labienus
775 3031 894 3122 ptimo
910 3029 1032 3098 vineas
1046 3053 1127 3124 age-
1148 3016 1191 3117 58

164 3161 237 3226 ae,
261 3138 413 3209 cratibus
434 3153 544 3230 atque
557 3162 687 3235 ‘aggere
704 3137 871 3236 paludem
893 3139 1056 3230 explere,
1075 3154 1126 3208 at·

171 3274 250 3342 que
274 3254 339 3319 iter
366 3249 507 3318 munire
531 3248 735 3320 conabatur.
766 3248 954 3338 Postquam
977 3248 1015 3318 id
1035 3249 1126 3321 diffi-

88 3408 91 3414 ,
137 3362 139 3369 ’
166 3363 275 3431 eitius
291 3360 434 3435 confieri
454 3356 722 3443 animadvortit,
743 3357 1036 3438 filentioecaliris
1057 3375 1125 3430 ter·

167 3469 223 3538 -tia
238 3469 352 3564 vigilia
375 3466 537 3565 tigrellus,
558 3467 705 3551 eodem,
726 3492 800 3557 quo
823 3485 984 3554 venerat,
1000 3469 1124 3540 itinere

166 3576 421 3650 -Melodunum
446 3579 617 3672 pervenit.
661 3564 781 3648 Idest
810 3576 1125 3674 oppidumaffleno-

170 3711 285 3774 num,
300 3689 336 3757 in
359 3689 468 3760 insula
477 3687 672 3791 Sequanae·
682 3688 854 3782 positum,
869 3704 912 3760 ut<
920 3689 1040 3779 paullo
1060 3668 1187 3758 att-'X

167 3807 213 3872 ‘ae
227 3797 417 3872 ‘Lutetiam
442 3801 604 3877 diximus
615 3814 626 3849 '·
634 3801 868 3898 Deprehenfis
891 3799 1042 3874 navibus
1059 3801 1125 3875 cit·
