2632 4426
442 341 677 418 arnas
723 341 782 415 rr.
1042 357 1091 442 tr

130 523 341 596 cunnum,
364 522 406 579 ut
424 530 538 601 paene
561 527 638 579 uno
657 519 821 596 tempore
850 497 882 572 sc
901 498 947 573 ad
965 500 1089 589 salvas,

127 621 163 696 dt
185 623 224 695 in
246 618 418 705 flumine,
438 617 471 690 8t
493 618 563 687 ianr
585 613 623 685 in
643 614 810 686 manibus
828 611 952 685 nostris
973 610 1088 684 hostes

128 730 344 811 viderentur.
372 726 507 798 Eadem
525 743 645 798 autern
663 725 840 797 celeritate
853 723 999 795 adverso
1016 723 1090 794 col·

62 829 66 835 ’
128 839 163 911 le
190 838 237 910 ad
264 837 380 909 nostra
410 837 539 926 castra,
572 853 684 928 atque
707 859 792 922 eos,
826 834 891 927 qui
917 832 961 904 in
980 844 1089 927 opere

128 950 295 1044 occupati
326 965 445 1036 erant,
484 946 764 1020 contenderunt
799 944 934 1017 Caesari
967 941 1088 1017 omnia
1103 955 1152 1017 ²0.

127 1082 214 1132 uno·
232 1075 395 1152 ternpore
421 1074 520 1128 erant
543 1056 702 1153 agenda:
753 1053 927 1126 vexillum
952 1067 1091 1148 propo·

120 1167 315 1252 nendum3
340 1165 444 1259 quod
461 1181 535 1236 erat
553 1165 707 1262 insrgne,
727 1189 811 1236 cum
828 1163 873 1234 ad
887 1189 983 1236 arma
999 1188 1089 1236 con·

15 1337 18 1344 .
129 1278 223 1348 curri
238 1291 435 1369 oporteret:
456 1274 597 1370 fignum
617 1274 705 1343 tuba
721 1271 885 1343 dandum
899 1300 910 1369 :¹
936 1273 982 1344 ab
1001 1297 1089 1366 ope·

127 1413 167 1462 re
177 1386 369 1459 revocandi
388 1387 538 1459 milites:
578 1386 640 1478 qui
658 1385 781 1478 paullo
797 1382 936 1478 longius
957 1385 1090 1480 aggeris

129 1495 278 1591 petendi
315 1494 414 1565 causa
452 1492 715 1586 processerant,
751 1488 960 1567 arcessendi:
996 1491 1087 1562 acies

128 1603 358 1691 instruenda,
384 1603 513 1674 milites
546 1599 785 1686 cohortandi,
821 1600 960 1697 signum
994 1598 1089 1670 dane
1132 1676 1136 1683 ,
1267 1664 1270 1682 ,

127 1712 229 1785 dum.
260 1712 424 1817 Quarum
443 1736 563 1785 rerum
585 1733 749 1807 magnam
765 1723 903 1802 partem
916 1706 1087 1800 temporie

127 1817 280 1892 brevitas
302 1822 333 1889 sc
356 1818 522 1890 successus
543 1819 576 1892 sic
596 1819 753 1892 incursus
775 1817 947 1889 hostium·
966 1817 1084 1910 impe-

127 1927 260 2000 diebat.
293 1928 357 1998 His
379 1926 642 2000 difficultatibus
667 1927 761 1999 duae
786 1950 839 1997 res
858 1940 958 1997 erant
974 1925 1084 1999 subsr-

116 2035 212 2123 dio,
233 2036 374 2108 scientia
394 2053 504 2128 atque
526 2033 606 2107 usus
628 2034 808 2120 militum,
831 2033 953 2127 quod,
978 2032 1085 2128 supe·

127 2147 276 2222 rioribus
299 2147 440 2240 proeliis
465 2144 664 2232 exercitati,
685 2144 776 2236 quid
793 2143 867 2216 fieri
887 2159 1084 2238 oporteret,
1151 2223 1153 2229 ¹

127 2278 204 2329 non
218 2256 336 2326 minus
351 2253 545 2327 commode
558 2255 621 2352 ipsr
635 2255 699 2326 srbi
717 2254 962 2346 praescribere,
973 2279 1085 2346 quam

127 2365 172 2436 ab
195 2366 268 2438 aliis
292 2366 412 2438 doceri
435 2380 623 2461 poterant3
646 2365 678 2437 8c
703 2363 804 2456 quod
828 2365 874 2433 ab
891 2389 998 2457 opere
1017 2364 1084 2436 fin·¹

126 2474 289 2570 gulisque
307 2474 508 2573 legionibus
520 2474 673 2571 srngulos
690 2474 822 2569 legatos
842 2473 964 2544 Caesar
975 2472 1084 2543 disce·

128 2583 234 2670 dere,
249 2585 312 2655 nisr
335 2584 482 2656 munitis
503 2583 629 2671 castris,
646 2599 815 2657 vetuerat.
841 2581 913 2670 Hi,
934 2597 1092 2676 propter·

125 2693 434 2786 propinquitatem
469 2691 745 2765 &celeritatem
779 2693 955 2778 hostium,
992 2691 1084 2766 nihil

126 2801 197 2870 iam
219 2801 370 2872 Caesaris
390 2801 593 2894 imperium,
606 2799 835 2894 spoliabant,
858 2800 918 2871 sed
939 2822 1005 2894 per
1024 2800 1081 2889 se,
1130 2850 1134 2855 ·

40 2912 45 2919 ’
126 2931 220 2998 quae
244 2907 479 2995 videbantur,
510 2907 808 2983 administrabant.
850 2906 994 2995 Caesar,
1009 2930 1081 2979 ne·
1099 2923 1148 2988 21.

124 3014 268 3086 cessariis
293 3017 399 3089 rebus
421 3018 622 3111 imperatis,
648 3017 694 3088 ad
721 3016 961 3089 cohortandos
986 3016 1082 3087 mili·

124 3142 196 3213 tes,
232 3150 343 3225 quam
368 3126 405 3196 in
431 3143 566 3218 partem
587 3125 658 3199 sors
678 3125 833 3215 obtulit,
856 3125 1081 3217 decucurrit,

36 3295 39 3299 ,
126 3234 225 3307 &ad
248 3236 425 3334 legionem
449 3234 626 3307 decimam
653 3233 810 3308 devenit.
849 3235 980 3309 Milites
1003 3263 1080 3311 non

122 3350 288 3445 longiore
318 3348 478 3419 oratione
508 3348 735 3434 cohortatus,
765 3371 877 3440 quarn
908 3348 963 3422 uti
996 3350 1082 3422 suae

122 3458 286 3552 pristinae
305 3457 445 3528 virtutis
464 3457 675 3529 memoriam
694 3456 899 3544 retinerent,
911 3481 983 3530 neu
1000 3481 1080 3552 per«
1193 3535 1200 3544 ,

122 3567 351 3639 turbarentur
373 3567 517 3654 animo,
541 3565 775 3658 hostiumque
801 3564 980 3657 impetum
1003 3566 1078 3636 for·

121 3676 204 3745 titer
227 3676 458 3763 sustinerent,
481 3673 583 3768 quod
603 3697 680 3746 non
700 3673 840 3772 longius
861 3674 974 3748 hostes
994 3675 1078 3747 abe·

119 3803 226 3876 rant,
254 3810 467 3884 quamquo
502 3788 619 3874 telum
648 3787 751 3861 adiici
781 3781 894 3882 posset
905 3836 922 3877 .,
949 3787 1077 3880 proelii
