2632 4426
441 351 748 424 urerer.
1027 376 1079 448 ,μ

122 513 277 606 iramque
298 535 317 582 a
334 510 527 583 maioribus
548 508 1015 612 castrisprogreiiur,aciem
1029 515 1085 588 in·
1122 511 1124 518 ’

122 629 271 713 inurit,
297 622 528 716 hostibusque
550 623 736 721 pugnandi
753 623 964 718 potestatem
984 624 1083 698 fecit.

123 731 197 805 Ubi
213 749 356 804 netum
378 730 528 824 quidem
548 756 608 802 eoa
626 731 769 823 prodire
791 731 989 819 intellexit,
1018 735 1083 806 cir·

121 844 213 914 citer
225 841 413 912 meridiem
428 840 625 912 exercitum
639 845 677 911 in
690 840 794 913 castra
806 841 963 914 reduxit.
981 843 1082 918 Tum

122 950 275 1025 demum
312 951 503 1021 Ariovistus
529 965 679 1046 partem.
694 951 838 1023 suarum
871 953 1083 1047 copiarum,

122 1080 220 1154 quae
253 1058 356 1131 castra
383 1059 519 1130 minora
545 1077 787 1158 oppugnaret,
814 1061 916 1131 misrt.
942 1060 1082 1138 Acriter

123 1168 312 1262 utrimque
324 1191 437 1260 usque
453 1166 499 1238 ad
515 1168 701 1260 vesperum
726 1181 924 1266 pugnatum
939 1173 997 1243 est.
1022 1172 1084 1246 So·

122 1280 167 1352 ris
190 1274 313 1352 occasu
336 1280 411 1350 suas
433 1280 552 1372 copias
572 1276 785 1367 Ariovistus,
808 1282 930 1352 multis
951 1283 985 1355 8c
1004 1285 1082 1364 ἱΙΙει-Ι
1112 1273 1115 1283 ’

123 1388 214 1460 tir&
230 1390 380 1483 acceptia
392 1389 623 1476 vulneribus,
637 1388 675 1457 in
692 1390 795 1461 castra
808 1389 963 1462 reduxit„
984 1393 1081 1466 Cum

123 1515 173 1567 ex
192 1498 336 1590 captivis
348 1514 533 1590 quaereret
550 1495 692 1585 Caesar,
715 1499 955 1590 quamobrem
974 1497 1081 1570 Ario-
1120 1522 1124 1542 ’

124 1605 233 1676 visino
262 1603 400 1698 proelio
420 1630 495 1678 non
520 1606 733 1694 decertaret,
761 1608 853 1680 hanc
882 1608 1081 1702 reperiebat

120 1717 290 1802 eausam,
317 1716 421 1808 quod
447 1717 545 1811 apud
567 1716 764 1790 Germanos
791 1740 830 1788 ea
852 1717 1103 1790 consuetudo.

123 1821 229 1911 effer,
255 1841 298 1895 ut
321 1841 449 1897 matres
475 1820 626 1898 familiae
650 1849 776 1898 eorum
800 1793 964 1899 sortibus
970 1827 1003 1899 8ο
1022 1853 1082 1904 va·

125 1935 394 2006 trcrnatrombus
404 1936 643 2024 declararent
658 1955 782 2008 utrum
795 1935 972 2031 proelium
982 1960 1081 2008 com·

62 2098 66 2105 .
122 2044 222 2116 mitti
241 2042 371 2116 exnsu
387 2044 491 2134 effet,
515 2051 582 2118 n'ec
605 2064 670 2117 ne:
698 2069 753 2118 eae
769 2046 818 2117 ita
840 2045 977 2116 dicere:
1001 2045 1080 2117 Nou

121 2150 254 2252 effisos
279 2153 460 2225 Germanos
469 2155 650 2254 superare.
674 2158 707 2251 fi
735 2173 943 2228 antenorem
969 2155 1081 2226 lunam
1195 2153 1198 2159 ’
1277 2189 1279 2196 ·

119 2261 246 2361 predio
271 2261 505 2358 contendiffinr.
547 2261 716 2331 Postridie
749 2257 823 2333 eiri's
852 2261 924 2331 diei
958 2259 1079 2333 Caesar
1098 2266 1145 2354 ςιῖ

124 2365 630 2463 praefidiomrisqueeistris,
653 2371 756 2462 quod
779 2373 856 2441 satis
877 2369 944 2442 elie
964 2371 1080 2444 visum

16 2477 20 2485 '
124 2474 197 2560 est,
227 2477 392 2569 reliquit3
428 2501 553 2548 omnen
578 2478 699 2549 alarios
730 2479 770 2548 in
800 2473 994 2572 conspeiiu
1014 2479 1083 2549 ho·

124 2584 230 2657 stium
248 2609 315 2679 pro
328 2584 440 2657 castris
460 2588 661 2659 minorihus
674 2588 877 2673 constituit,
903 2586 1006 2680 quod
1014 2585 1081 2661 mi·

15 2739 18 2745 ·
121 2719 193 2768 nur
210 2695 463 2775 multitudine
490 2697 649 2769 militum
680 2692 983 2798 legionariorum,
1010 2720 1080 2790 pro

39 2844 41 2848 Α
120 2804 282 2874 nostium
305 2800 483 2894 numero,
512 2807 675 2894 valebat,
703 2826 745 2879 ut
761 2808 809 2879 ad
829 2807 987 2902 speciem
1009 2809 1081 2881 ala·

122 2914 488 3007 riisuteretur.1pse,
514 2910 827 3007 tnplici'instruiir
845 2917 936 3002 acie,
964 2940 1081 3009 usque
1116 3006 1118 3011 ⁴

119 3024 173 3095 ad
194 3021 298 3093 castra
319 3021 479 3092 hostium·
494 3022 640 3093 acceffit.
665 3022 764 3095 Tum
788 3023 944 3095 demum
960 3026 1082 3096 neces-
1121 3019 1124 3022 ’
1185 3014 1187 3019 ’

122 3133 212 3203 sario
235 3131 404 3201 Germani
434 3132 509 3200 suar
533 3130 692 3224 copiare
717 3130 830 3202 castris
853 3130 1079 3221 eduxerunt,

67 3305 70 3309 .
123 3242 393 3342 generatimque
431 3242 692 3313 constituerunt
718 3241 937 3336 paribusque
968 3245 1080 3317 inter.-

123 3355 246 3437 vallis,
259 3351 439 3439 Harudes,
453 3353 743 3438 Marcomannos,
756 3353 969 3441 Triboccos,
980 3355 1080 3428 Vm

124 3463 263 3560 giones,
298 3461 487 3550 Nemetes,
512 3459 695 3548 Sedusros,
726 3459 881 3546 Suevos3
909 3483 1078 3535 omnem·
1107 3513 1110 3518 -

121 3594 197 3666 que
222 3570 335 3642 aciem
362 3571 460 3642 suam
488 3572 608 3642 rhedir
637 3572 670 3645 8c
698 3573 798 3642 carris
830 3571 1078 3642 circumdede-

120 3697 231 3767 runt,
248 3705 296 3752 ne
308 3706 379 3775 que
393 3683 470 3776 spes
486 3683 525 3753 in
538 3680 621 3778 fuga
636 3683 906 3773 relinqueretur.
927 3677 979 3750 Eo
991 3703 1076 3753 mu·
1117 3669 1120 3677 ’

120 3790 222 3867 lieres
241 3790 520 3888 imposuerunt,
545 3792 705 3887 quaein
728 3789 906 3887 proelium
929 3787 1075 3885 profici.-
