2632 4426
402 366 405 382 2
470 312 889 409 urserunt:
935 331 937 336 ¹
1063 320 1170 435 ¹155

170 501 195 537 ³-
188 477 338 570 'equites
359 473 504 569 postero
521 474 581 546 die
586 476 770 560 mittunt,
792 473 868 566 qui
874 464 1037 567 primum
1059 474 1165 563 elice·
1243 544 1248 586 1

171 605 281 681 frent
308 587 441 657 nostros
464 587 620 673 insidiis,
652 585 797 659 deinde
816 585 1076 656 circumventos
1103 609 1164 682 ag-

202 680 446 794 gredereritur
475 695 586 773 Cuius
606 694 690 766 mali
708 695 777 764 sors
790 694 917 764 incidit
934 694 1074 781 Remis,
1087 694 1162 788 qui·

174 843 176 848 ·
201 807 272 904 bus
288 806 347 876 ille
364 805 438 875 dies
457 804 632 901 fungendi
650 802 807 874 muneris
824 802 1029 874 obvenerat.
1057 795 1163 875 Nam·

175 967 177 972 -
200 937 276 1006 que
297 912 344 998 ii,
372 936 455 981 cum
471 931 631 1003 repente
657 911 810 981 hostium
839 912 975 1003 equites
1000 910 1162 982 animad-

201 1020 392 1108 vertissent,
414 1045 453 1090 ac
467 1043 619 1089 numero
637 1020 830 1112 superiores
842 1022 1059 1113 paucitatem
1073 1045 1162 1092 con·

200 1126 412 1218 remfiffent,
436 1132 600 1224 cupidius
625 1131 792 1225 insecuti,
810 1157 829 1199 a
844 1133 1028 1226 peditibus
1054 1133 1163 1222 undi·
1222 1172 1231 1215 -z

202 1266 276 1335 que
294 1240 377 1310 sunt
395 1241 617 1311 circumdati.
645 1238 847 1344 Quo'fasio
870 1245 1086 1334 perturbati,
1106 1269 1165 1317 ce<

200 1353 327 1440 letius,
348 1349 457 1447 quam
479 1350 704 1423 consuetudo
729 1351 797 1421 sert
818 1353 984 1445 equestris
1005 1354 1169 1446 proelii,

156 1486 158 1497 ·
201 1463 243 1533 se
260 1457 495 1556 receperunt,
512 1459 632 1530 amisso
652 1459 833 1547 Vertisco,
855 1460 1031 1554 principe
1029 1463 1161 1532 civita-

201 1573 268 1663 tis,
287 1569 464 1688 praefesto
486 1574 675 1665 equitum:
703 1572 767 1664 qui
787 1595 872 1642 cum
889 1569 950 1642 vix
967 1597 1064 1665 equo
1078 1598 1162 1667 pro·

203 1702 285 1777 pter
315 1683 466 1756 aetatem
493 1683 605 1778 posset
629 1682 709 1769 uti,
737 1698 878 1769 tamen,
903 1683 1168 1766 consuetudine

204 1794 413 1882 Gallorum,
441 1819 562 1887 neque
594 1796 714 1865 aetatis
742 1794 999 1865 excusatione
991 1819 1028 1864 tn
1057 1795 1164 1866 susci·

171 1982 174 1987 ,
205 1902 337 1997 pienda
355 1900 571 1998 praesestu'ra
590 1906 680 2002 usus·
693 1924 785 1993 erat,
804 1930 925 1998 neque
949 1906 1108 1976 dimicari
1120 1906 1167 1976 fi«

205 2012 309 2085 nese
332 2016 503 2084 voluerat.
538 2011 713 2082 Inflantur
743 2029 854 2104 atque
883 2014 1073 2083 incitantur
1098 2015 1176 2086 hoa

160 2125 164 2143 “
205 2125 311 2194 stium
331 2124 441 2194 animi
460 2123 618 2195 secundo
645 2125 805 2216 proelio,
827 2123 987 2217 principe
1009 2123 1040 2193 st
1063 2150 1165 2218 prae·

206 2231 302 2307 fedo
322 2236 520 2307 Remorum
541 2227 753 2322 interfecto,
775 2236 956 2328 nostrique
973 2236 1166 2308 detrimen·

206 2359 247 2413 to
265 2343 531 2434 admonentur,
557 2341 765 2440 diligentius¹
785 2345 1078 2437 exploratislocis
1100 2348 1165 2418 tta·

207 2448 323 2521 tiones
348 2451 564 2545 disponere,
595 2474 634 2520 ac
662 2451 880 2523 moderatius
904 2453 1118 2525 cedentem
1111 2479 1165 2525 1n

206 2554 307 2650 sequi
321 2559 468 2629 hostem.
499 2559 616 2629 Non
607 2559 894 2632 intermittuntur
914 2562 1228 2671 interimque-13

146 2685 152 2703 '
193 2667 341 2739 tidiana
360 2668 525 2761 proelia
516 2693 554 2738 1n
578 2662 769 2760 conspectu
788 2687 1027 2764 utrorumque
1041 2675 1166 2745 castro·

207 2800 312 2863 rum,
338 2800 431 2867 quae
460 2776 506 2845 ad
531 2777 623 2845 vada
627 2779 884 2870 transitusque
909 2781 1043 2851 fiebant
1063 2784 1167 2874 palu÷

160 2883 161 2886 '
209 2885 274 2955 dis.
302 2886 386 2988 Qua
404 2861 637 2954 contentione
660 2885 853 2972 Germani,
871 2889 984 2980 (qnos
1003 2907 1167 2982 propter·

160 3087 161 3090 Ἴ
206 3018 250 3064 ἐει
272 2993 394 3064 Caesar
414 2992 662 3084 transduxerat
687 2992 880 3079 Rhenum,
910 3013 951 3064 ut
983 2996 1167 3087 equitibus

207 3104 405 3200 interposui
424 3103 724 3198 proeliarentur,)
747 3127 830 3174 cum
852 3106 1066 3176 constantius
1084 3108 1168 3178 uni·
1215 3148 1220 3155 ·

208 3216 295 3301 versi
321 3215 491 3316 paludem
517 3211 732 3301 transissent,
764 3214 957 3308 paucisque
987 3215 1168 3285 resistentis

181 3326 278 3397 ¹bus
301 3318 492 3401 intersedis
521 3318 732 3417 pertinacius
758 3323 932 3414 reliquam
960 3323 1167 3393 multitudi-

180 3418 296 3506 fnem
327 3433 433 3505 essent
463 3431 628 3502 insecuti:
664 3431 840 3524 perterriti
870 3455 946 3501 non
972 3431 1088 3502 solum
1112 3432 1167 3521 ii,

128 3536 135 3545 ⁸
191 3543 278 3634 qui
305 3567 366 3612 aut
391 3542 555 3614 cominus
589 3542 905 3663 opprimebantur,
944 3563 1007 3615 aut
1029 3542 1169 3613 eminus

163 3651 506 3738 vulnerabantur,
525 3649 587 3720 sed
606 3652 737 3737 etiam,
757 3651 831 3743 qui
827 3651 983 3748 longius
1002 3650 1170 3721 subsidia·

156 3757 240 3917 .τί
263 3759 539 3860 consueverant,
571 3757 723 3857 turpiter
755 3757 945 3889 sugerunt,
979 3775 1045 3849 n'ec
1074 3761 1172 3868 prius
1288 3760 1291 3765 ’
