2632 4426
202 308 303 409 ’ωε
412 330 487 406 nr
523 331 712 410 nerto
751 331 1001 410 onrrtco
1047 268 1119 369 t*

174 546 178 555 .
231 490 338 562 nibus
349 484 510 586 partibus
522 495 592 564 tela
604 493 731 565 coniici
743 493 904 566 animum
919 493 1189 571 advertit'Nanr

218 602 360 696 'quod,
385 605 488 675 omni
513 627 561 675 ex
576 599 724 698 ‘reliquis
750 607 913 699 partibus
936 603 1090 676 demello
1113 605 1190 677 fru-

230 729 381 801 mento,
407 737 479 784 una
498 739 579 808 para
596 732 669 785 erat
687 715 843 808 reliqua3
869 715 1031 810 suspicati
1050 716 1189 804 hoster,
1294 731 1300 739 “

229 822 449 896 hucnostroe
464 821 531 894 else
544 843 732 910 venturos,
762 819 873 895 nodlu
884 823 923 892 in
934 823 1023 894 silvis
1033 821 1188 893 delitue-

227 949 333 1005 rantr
358 935 442 1002 tum
459 932 646 1026 dispersor,
665 931 830 1026 depositis
851 931 975 1018 armis,
995 930 1034 1002 in
1045 944 1187 1001 meten-

216 1036 282 1112 'do
304 1054 515 1134 occupator,
534 1038 652 1113 subito
678 1026 821 1128 addrti,
844 1040 964 1134 paucis
976 1032 1185 1126 interfedlir,

229 1150 389 1244 reliquos
414 1151 554 1223 incertis
581 1151 771 1222 ordinibus
797 1141 1117 1245 perturbaverant:
1146 1149 1187 1219 u·

167 1280 212 1358 33
231 1261 310 1331 mul
322 1259 485 1352 equitatu
500 1275 610 1352 atque
632 1258 754 1332 eiledir
767 1256 1088 1358 circumdederant
1102 1257 1187 1331 =Ge·

224 1390 297 1441 nus
319 1369 389 1439 hoc
402 1366 508 1441 estex
528 1367 648 1441 elledit
667 1384 808 1466 pugnae
821 1398 829 1439 ι
843 1370 962 1463 primo
973 1392 1046 1464 per
1059 1384 1185 1438 omnes

228 1492 345 1572 partes
357 1478 605 1572 perequitant,
625 1478 658 1552 lc
673 1481 742 1551 tela
751 1477 967 1565 coniiciuut,
982 1491 1092 1570 atque
1105 1477 1183 1572 ipio

224 1603 362 1667 ,terrore
375 1609 555 1680 equorum
573 1587 605 1661 8c
620 1589 765 1683 strepitu
779 1602 938 1658 totarum
955 1586 1096 1658 ordines
1107 1587 1184 1683 ple·

225 1713 387 1787 rumque
413 1695 641 1789 perturbant:
678 1698 819 1768 &cum
839 1692 874 1764 se
897 1694 989 1765 inter
1014 1693 1183 1788 equiturn

215 1810 362 1876 'turmas
377 1803 647 1890 intimaverint,
674 1828 721 1874 ex
734 1800 853 1874 elledis
865 1800 1029 1873 debliunt
1039 1800 1102 1888 ,lc
1119 1823 1183 1894 pe·

228 1914 321 1986 dites
339 1913 568 2006 proeliantur.
598 1913 748 2013 Aurigae
770 1911 913 1985 interim
933 1911 1118 2005 paullatim
1135 1932 1183 1982 ex

119 2076 122 2080 ι
224 2025 367 2118 proelio
389 2022 585 2109 excedunt,
622 2041 731 2118 atque
758 2024 806 2094 ita
838 2047 961 2095 currus
983 2024 1182 2109 collocant,

164 2188 168 2197 .
189 2226 192 2235 Ι
229 2148 291 2218 ut,
309 2132 398 2203 liilli
410 2158 431 2201 a
444 2133 677 2205 multitudine
693 2132 846 2205 bostium
861 2148 1088 2228 premantur,
1115 2154 1181 2201 ex·

228 2238 397 2335 peditum
414 2239 460 2310 ad
475 2240 553 2312 suos
571 2258 755 2335 receptum
772 2240 937 2310 habeant.
965 2238 1019 2308 Ita
1033 2234 1182 2307 mobili*

77 2333 82 2342 ’
115 2357 120 2368 ’
228 2361 340 2417 tatem
364 2347 554 2440 equiturn,
575 2348 803 2422 stabilitatem
825 2346 992 2442 peditum
1015 2346 1054 2415 in
1072 2367 1180 2438 proe-

226 2451 281 2527 liis
302 2455 526 2553 praestant,
521 2479 560 2526 ac
580 2472 721 2526 tantum
744 2455 809 2524 usu
831 2453 1043 2565 quotidiano
1065 2452 1098 2522 lc
1117 2476 1180 2524 ex·

201 2565 432 2637 ·=ercitatione
450 2565 643 2655 efficiunt,
662 2566 714 2636 uti
738 2566 776 2638 in
795 2566 924 2638 declivi
944 2564 1179 2658 acpraecipiti
1287 2637 1292 2643 ,

224 2675 338 2746 loco
330 2676 490 2746 incitatos
508 2700 621 2768 equos
636 2676 818 2763 sustinere,
836 2675 869 2748 lc
886 2676 985 2746 brevi
998 2673 1175 2771 moderari

225 2803 266 2852 ac
287 2779 449 2869 fledlere,
480 2781 601 2876 &per
627 2801 811 2854 temonem
835 2806 1057 2876 percurrere,
1082 2778 1148 2852 lc
1138 2801 1178 2850 ru
1267 2815 1271 2820 ·

223 2889 312 3014 iugo
336 2891 506 2980 infistere,
529 2893 561 2965 8⁶
584 2894 671 2966 inde
688 2895 754 2965 se'
744 2918 782 2964 rn
809 2917 931 2964 currus
952 2891 1109 2964 citiffime
1122 2913 1179 2961 re-

65 3059 72 3099 ,
127 3011 216 3091 34
224 2999 344 3102 cipere
372 3002 584 3074 consuerint
621 3003 781 3106 Quibus
797 3002 928 3089 rebus,
962 2997 1178 3096 perturbatis

208 3111 349 3184 nostris
366 3110 524 3182 novitate
546 3137 711 3210 pugnae,
736 3128 902 3205 ternpore
926 3108 1177 3233 opportunilfi·

223 3243 288 3290 mo
309 3219 430 3292 Caesar
450 3223 624 3292 auxilium
642 3224 746 3293 tulit:
776 3245 936 3313 namque
954 3220 1027 3290 eius
1044 3216 1176 3285 adven·

94 3340 97 3350 ¹
143 3359 146 3367 ·
206 3318 268 3399 'tu
284 3328 397 3399 hostes
416 3330 669 3416 constiterunt,
692 3329 798 3400 nostri
811 3329 845 3400 se
868 3354 914 3399 ex
933 3327 1062 3397 timore
1078 3345 1175 3392 rece-

221 3456 365 3534 perunt.
390 3442 479 3546 Quo
495 3437 607 3530 fallo,
634 3442 679 3513 ad
695 3440 930 3513 lacellendum
952 3437 984 3508 8c
1007 3436 1053 3505 ad
1074 3459 1174 3505 conr·
1275 3532 1278 3543 y

199 3564 202 3571 “
223 3547 444 3658 pittendum
461 3550 639 3643 proelium
659 3551 815 3621 alienum
836 3547 901 3621 effe
915 3567 1057 3639 tempus
1080 3543 1176 3641 arbi·¹

222 3673 354 3747 tratur,
374 3659 437 3732 suo
460 3658 494 3730 se
507 3662 588 3729 loco
615 3660 820 3748 continuit,
840 3653 994 3731 &brevi
1009 3673 1176 3748 tempore

221 3763 416 3855 intermisto
434 3767 478 3869 in
496 3768 600 3841 castra
623 3769 778 3872 legiones
788 3765 944 3855 reduxit.
972 3764 1076 3863 Duru
1088 3764 1176 3834 haec
